3259 5275
721 596 760 658 57

173 806 242 869 fuit
275 806 306 869 s⁰
342 808 394 889 55,
431 808 483 889 57,
523 808 563 869 58
600 814 631 871 et
664 808 717 870 60.
741 804 831 870 Duos
855 806 956 892 igitur
979 806 1100 872 medios
1123 809 1306 873 consulatus

173 931 343 1018 deinceps·
359 938 475 1017 gesset,
509 934 649 1018 primum
674 940 705 997 et
727 939 877 1019 quartum
902 935 978 996 anni
1003 934 1106 1020 spatio
1130 935 1306 1021 interjecto.

221 1056 325 1123 Valde
367 1064 474 1123 sutem
521 1059 619 1123 miror
662 1059 920 1145 interpretatores
954 1059 1040 1124 hunc
1076 1060 1178 1124 locum
1215 1061 1305 1127 velut

172 1184 307 1249 omnino
349 1184 475 1250 facilem
517 1191 549 1249 et
585 1185 745 1270 integrum
781 1186 852 1250 sine
886 1185 1089 1251 adnotatione
1124 1187 1304 1273 reliquisse.

172 1309 285 1375 Verba
319 1312 422 1392 „inter
451 1331 558 1375 annue
589 1312 713 1396 spatia''
748 1318 832 1377 certe
859 1313 1154 1399 interpretationem
1177 1336 1306 1379 omnem

172 1434 346 1519 effugiunt.
382 1434 446 1500 Pro
484 1437 587 1516 „inter
619 1456 725 1500 annua
748 1438 873 1522 spatia''
898 1458 974 1523 ergo
998 1438 1169 1522 legendum
1194 1460 1306 1504 censeo

175 1551 365 1645 „interjecto
393 1581 499 1626 annuo
522 1562 666 1647 spatio'’;
695 1563 885 1645 „variavit’'‚
909 1563 938 1626 si
961 1565 1139 1648 genuinum
1165 1576 1223 1646 est,
1248 1588 1305 1631 ex·

172 1686 360 1773 plicandum
385 1695 450 1756 est:
477 1690 565 1752 vario
585 1694 727 1774 tempore
745 1690 846 1774 gessit
869 1730 906 1737 -
929 1692 950 1753 i.
964 1712 991 1755 e.
1012 1712 1074 1756 non
1094 1693 1243 1759 continue
1264 1734 1304 1742 -

174 1810 382 1898 Quamquam
415 1813 473 1877 vix
509 1815 673 1891 „variare”
706 1814 762 1878 illo
789 1837 885 1880 sensu
909 1818 1058 1903 usurpari
1083 1825 1194 1904 potest.
1218 1817 1307 1884 Inter

172 1937 240 2000 alie
274 1938 499 2003 conferendum
536 1946 584 2004 est
612 1939 685 2005 Lir.
712 1939 750 2005 L.
776 1942 816 2004 27
844 1939 879 2005 0.
904 1942 944 2005 27
974 1963 1076 2029 „quas
1098 1943 1137 2009 de
1160 1942 1305 2011 Marcelli

174 2068 279 2129 morte
306 2071 450 2129 auctores
481 2066 628 2130 variant'’
664 2106 703 2113 -
740 2067 761 2130 i.
775 2089 801 2131 e.
828 2068 917 2131 varie
940 2074 1078 2132 narrant.
1102 2067 1156 2134 Sic
1181 2071 1305 2136 variare

174 2189 361 2253 consulatus
394 2191 526 2257 lortasee
557 2193 719 2278 significat
750 2194 840 2257 vario
865 2200 1007 2281 tempore
1030 2203 1150 2281 gerere.
1175 2196 1305 2261 Dubius

174 2320 284 2379 tamen
310 2314 436 2380 haereo.

359 2598 393 2668 0.
418 2602 469 2668 20.
493 2602 639 2688 lostpoes
656 2606 869 2687 pinguissimo
892 2627 979 2672 como
1002 2613 1030 2671 et
1053 2593 1304 2674 eccellentissimo

401 2729 484 2793 cultu
516 2733 683 2810 puerisue
706 2733 773 2796 sine
797 2732 894 2797 oculo
917 2733 1034 2816 lamiis,
1057 2756 1190 2819 quorum
1214 2736 1306 2800 duces

314 2901 317 2906 -
399 2855 620 2939 quadringena
646 2857 733 2920 mitio
756 2859 899 2922 sestertio
923 2862 1091 2924 merebant.

219 3077 272 3142 lta
305 3076 444 3142 Rothius
475 3099 493 3141 e
524 3077 631 3142 codice
664 3077 862 3144 Memmiano
892 3079 1003 3163 edidit,
1038 3080 1208 3167 desperans
1232 3104 1303 3169 pro·

172 3202 257 3268 fecto
286 3202 326 3269 de
357 3203 508 3270 remedio.
537 3202 802 3291 interpretatores
826 3212 933 3270 autem
958 3228 1068 3273 omnes
1091 3210 1302 3294 consentiunt,

173 3332 207 3396 id
232 3331 317 3419 quod
342 3333 464 3419 legenti
488 3323 664 3419 unicuique
688 3339 791 3420 patet
810 3333 908 3398 rerba
930 3335 1058 3421 „pueris
1078 3335 1303 3402 ecsineanulo

173 3459 311 3525 lueriis”
336 3461 424 3524 omni
448 3480 544 3524 sensu
567 3479 684 3524 carere.

219 3584 388 3671 Imprimis
412 3605 584 3671 puerorum
611 3586 734 3650 mentio
754 3584 837 3649 facte
849 3586 1147 3673 minusopportuna
1159 3588 1303 3674 videtur3

174 3677 424 3797 requirebantur
459 3710 545 3775 enim
581 3710 815 3776 adulescentuli
848 3717 880 3776 et
906 3712 1044 3797 juvenes
1079 3713 1212 3797 robusti,
1247 3716 1304 3800 qui

176 3820 300 3902 Neroni
330 3837 471 3901 cantanti
498 3836 704 3922 plauderent3
728 3838 822 3924 pueri
845 3820 924 3924 quid
946 3838 1065 3902 auxilii
1089 3839 1172 3904 ferre
1194 3851 1304 3925 potue·

174 3963 241 4027 rint
264 3984 326 4027 non
351 3963 553 4049 perspicitur.

221 4087 390 4155 Praeterea
423 4089 520 4154 verba
551 4106 634 4174 quae
666 4098 847 4176 sequuntur
876 4098 946 4177 post
972 4092 1133 4177 „insignes
1157 4095 1303 4180 pinguis·

175 4213 258 4277 sima
282 4237 371 4280 coma
394 4220 426 4279 et
447 4215 720 4280 excellentissimo
740 4217 851 4280 cultu’'
874 4217 1023 4282 videntur
1035 4209 1202 4304 operarum
1216 4220 1303 4285 thea-

176 4339 309 4403 tralium
333 4340 480 4404 habitum
504 4346 536 4404 et
559 4340 681 4404 cultum
706 4341 896 4407 describere.
