3259 5275
859 545 879 607 8

308 754 451 818 moribus
474 754 617 820 defuncti
629 776 738 819 severe
751 756 941 820 sententiam
954 755 1107 838 ferebant,
1120 755 1166 819 sic
1179 756 1212 818 in
1225 755 1431 819 historiarum

307 879 460 965 scriptore
484 884 520 943 ut
543 879 637 945 laude
661 879 778 965 dignus
802 881 844 945 sit
859 880 980 966 judicis
1002 880 1283 965 duaepraesertim
1296 880 1433 943 virtutes

308 1005 526 1090 requiruntur,
561 1012 598 1069 ut
631 1006 673 1069 sit
707 1012 813 1072 certus
848 1014 880 1071 et
914 1005 1077 1069 candidus.
1110 1004 1198 1078 Quas
1221 1007 1255 1068 in
1279 1004 1432 1071 Suetonio

309 1132 442 1217 reperiri
472 1132 621 1196 omnibus
644 1132 701 1218 qui
725 1132 808 1196 vitas
832 1130 1001 1197 duodecim
1025 1130 1199 1195 Caesarum
1223 1132 1370 1216 legerunt
1395 1132 1428 1194 in

308 1256 449 1323 confesso
473 1265 530 1323 est.

352 1382 515 1448 Plurimos
545 1384 632 1448 enim
656 1382 775 1470 quide
799 1384 983 1470 principum
1008 1382 1142 1448 historia
1166 1384 1196 1448 ei
1220 1384 1433 1469 suppetebant

309 1509 410 1573 fontes
442 1507 616 1593 prudenter
638 1508 718 1572 adiit
741 1516 773 1574 et
796 1530 839 1574 ex
863 1509 903 1572 iis
926 1507 1037 1574 ordine
1060 1508 1264 1594 interrogatis
1288 1509 1434 1571 maxima

309 1655 383 1699 cum
408 1654 484 1699 cura
507 1656 620 1700 verum
644 1634 789 1699 deduxit.

354 1759 427 1825 Non
451 1761 553 1825 solum
577 1761 852 1826 senatusconsulta
875 1767 906 1825 et
929 1767 1000 1825 acta
1018 1760 1143 1843 diurna,
1165 1760 1284 1847 scripta
1295 1761 1432 1826 aliorum

309 1894 341 1954 et
370 1888 527 1952 orationes
558 1886 613 1951 sed
636 1887 734 1953 etiam
756 1887 988 1971 imperatorum
1011 1886 1155 1972 ipsorum
1178 1886 1433 1967 commentarios,

310 2013 442 2094 litteras,
466 2012 633 2093 orationes,
656 2012 753 2095 leges,
777 2010 961 2097 diplomata,
985 2010 1158 2075 rationaria
1177 2010 1317 2095 imperii,
1330 2010 1434 2076 edicta

311 2144 343 2203 et
365 2137 563 2202 laudationes
587 2156 663 2222 prae
687 2136 837 2201 manibus
860 2135 975 2200 habuit
997 2134 1168 2201 Praeterea
1187 2157 1330 2200 rumores
1342 2136 1435 2202 aulae

311 2270 343 2329 et
377 2244 557 2349 populares,
580 2262 759 2326 aulicorum
783 2260 911 2327 fabulae
934 2261 1157 2345 adsumuntur,
1181 2261 1238 2325 diu
1261 2267 1436 2348 pensantur

311 2394 343 2453 et
378 2410 420 2453 ex
456 2388 578 2451 cunctis
613 2386 646 2450 id
670 2386 754 2473 quod
779 2408 891 2452 verum
915 2388 967 2452 vel
990 2388 1167 2453 verisimile
1191 2387 1318 2453 videtur
1341 2372 1435 2473 saepe

313 2519 383 2599 post
408 2518 534 2576 acutam
559 2518 592 2578 et
614 2513 814 2598 ingeniosam
838 2512 1088 2599 disputationem
1113 2513 1327 2578 constituitur.
1352 2513 1436 2578 Rem

313 2639 450 2726 denique
473 2645 668 2726 perspectam
686 2644 777 2704 recte
801 2645 833 2704 et
851 2639 947 2722 nude,
968 2639 1051 2703 nihil
1064 2639 1224 2705 reticendo
1236 2641 1288 2704 vel
1300 2638 1435 2724 tegendo

312 2766 516 2851 incorruptus
537 2770 569 2830 et
588 2786 718 2830 severus
738 2764 844 2850 judex
867 2765 1011 2851 exponit.

357 2889 428 2956 Imo
473 2891 614 2956 severior
647 2910 744 2976 quam
778 2891 881 2955 lenior
915 2889 1043 2955 videtur
1076 2889 1186 2973 fuisse,
1223 2891 1343 2978 quippe
1379 2891 1436 2976 qui

314 3018 497 3104 principum
521 3017 602 3081 vitia
624 3037 721 3103 quam
741 3016 943 3104 apertissime
966 3015 1148 3081 ostenderit.
1174 3015 1213 3079 In
1237 3018 1307 3082 viro
1330 3025 1437 3082 autem

313 3144 428 3208 aulicis
450 3142 604 3206 familiari
628 3149 660 3209 et
683 3145 740 3229 qui
763 3144 834 3229 ipse
855 3143 1039 3228 principum
1064 3143 1196 3208 servitio
1220 3149 1289 3208 erat
1307 3143 1438 3207 adstric-

314 3276 366 3334 tus
391 3271 494 3355 magis
517 3271 615 3334 etiam
638 3269 671 3333 id
695 3270 790 3336 laude
812 3270 947 3356 dignum
983 3269 1145 3335 Videntur
1168 3270 1255 3334 enim
1276 3269 1359 3333 mihi
1378 3271 1440 3333 im-

315 3401 485 3480 peratores,
530 3395 588 3480 qui
622 3416 695 3460 cum
731 3395 920 3482 Tranquillo
955 3397 1120 3478 vixerunt,
1152 3417 1226 3459 cum
1261 3395 1440 3461 decessores

316 3542 390 3585 suos
416 3520 494 3585 adeo
518 3542 560 3585 ex
584 3542 660 3585 vero
684 3520 822 3586 describi
846 3521 1000 3601 viderent,
1025 3521 1147 3607 pluries
1169 3543 1279 3586 secum
1303 3523 1441 3607 agitasse

316 3645 394 3732 quid
428 3645 562 3732 scriptor
596 3651 662 3709 tam
685 3644 840 3709 candidus
866 3646 906 3710 de
929 3668 963 3710 se
983 3644 1186 3732 judicaturus
1209 3653 1301 3712 esset.
1326 3647 1377 3711 De
1400 3647 1441 3710 iis

314 3781 421 3838 tamen
465 3770 549 3857 quod
594 3761 705 3834 notum
747 3777 795 3836 est
838 3771 921 3834 nihil
965 3771 1108 3836 tradidit.
1154 3771 1275 3838 Tacere
1321 3772 1441 3836 malens

316 3918 411 3986 quam
449 3895 586 3961 blandiri
623 3901 723 3959 morte
754 3894 934 3961 Domitiani
969 3896 1068 3962 libros
1102 3896 1142 3963 de
1167 3899 1243 3963 vitis
1267 3896 1439 3963 (laesarum

316 4023 442 4088 clausit.

362 4147 413 4212 Ob
437 4167 534 4234 quam
558 4147 745 4211 elocntionis
768 4147 958 4213 brevitatem
983 4156 1015 4214 et
1035 4148 1218 4234 puritatem,
1239 4151 1273 4211 in
1286 4148 1442 4212 narrando

319 4272 415 4336 fidem
439 4293 476 4336 ac
499 4271 710 4357 diligentiam,
736 4273 856 4336 mirum
868 4293 931 4337 non
944 4279 992 4338 est
1003 4271 1194 4338 Suetonium
1206 4287 1300 4359 saepe
1312 4294 1331 4337 a
1343 4274 1442 4340 doctis
