3259 5275
722 573 762 631 43

170 781 359 847 absentibus,
396 750 495 845 Varie
529 787 636 845 antem
672 780 849 845 ablativum
885 781 1111 862 „absentibus”
1136 783 1299 869 explicare

170 909 280 972 conati
302 916 386 975 snut.

219 1034 377 1099 Nonnulli
412 1055 485 1099 eum
522 1034 722 1119 interpretati
757 1039 832 1097 suut
867 1034 960 1120 quasi
995 1034 1135 1099 similem
1167 1036 1206 1114 τῷ
1242 1037 1301 1116 „ab

145 1203 146 1207 =
171 1160 382 1225 absentibus”
408 1161 457 1226 vel
485 1160 543 1240 „de
567 1159 784 1225 absentibns''.
811 1157 927 1222 Merito
950 1166 1059 1222 contra
1082 1160 1153 1223 illos
1176 1158 1299 1224 Grono-

172 1285 266 1349 vius:
304 1285 388 1350 Dare
422 1287 532 1371 aliquo
566 1286 633 1349 ivri
669 1289 718 1348 τοῦ
752 1285 792 1348 ab
828 1285 937 1370 aliquo
969 1284 1020 1349 vel
1044 1284 1083 1349 de
1106 1285 1214 1371 aliquo
1237 1307 1299 1351 non

173 1412 280 1497 magis
303 1412 454 1499 cuiquam
481 1420 625 1477 veterum
652 1412 685 1474 in
706 1416 847 1475 mentem
862 1410 1058 1496 venitquam
1072 1409 1300 1495 darealiquem

173 1537 245 1601 cieri
268 1542 318 1601 τοῦ
341 1537 517 1602 secundnm
541 1539 692 1624 aliquem.

220 1664 426 1729 Burmannus
452 1666 574 1751 aliique
602 1665 828 1747 „absentibus”
853 1673 1059 1751 sumpserunt
1083 1688 1139 1752 pro
1162 1668 1303 1734 ablativo

172 1791 449 1877 absoluto,loujus
472 1792 652 1875 subjectum
675 1792 829 1855 omissum
854 1797 953 1855 esset:
978 1792 1006 1854 si
1026 1793 1093 1877 qui,
1107 1814 1191 1876 reus,
1205 1795 1304 1857 altera

174 1936 251 2002 pars
274 1916 324 1980 vel
349 1916 413 1981 tale
436 1916 525 2001 quid.
550 1916 641 1991 Quae
661 1917 836 2003 explicatio
854 1937 930 1981 saue
943 1917 1151 1982 verisimilior
1166 1916 1303 1982 videtur.

175 2040 252 2105 Non
283 2047 389 2105 tamen
421 2041 571 2128 exempla
594 2063 675 2128 quas
699 2064 741 2106 ex
766 2041 919 2107 Suetonio
941 2040 1121 2107 afferuntur
1144 2050 1304 2107 construc-

174 2167 296 2231 tionem
329 2168 416 2230 illam
450 2168 593 2253 probant.
626 2191 655 2234 v.
685 2166 841 2231 Claudius
864 2190 890 2234 c.
916 2169 958 2230 36
985 2189 1066 2248 „non
1090 2170 1224 2255 repertis
1247 2169 1304 2255 qui

174 2297 388 2376 sequerentur
418 2292 637 2378 exemplum”‚
669 2292 756 2357 Nero
787 2314 814 2356 c.
847 2294 888 2355 23
924 2291 1155 2375 „hortantibus
1180 2293 1304 2358 recede-

175 2416 266 2496 bat'',
291 2415 363 2483 Tib.
389 2437 415 2483 c.
441 2418 479 2479 31
510 2420 707 2497 „censente'’.

223 2541 262 2605 In
298 2543 349 2606 his
383 2542 533 2607 omuibus
569 2543 655 2607 enim
691 2544 872 2628 subjectum
907 2543 1061 2608 omissum
1094 2566 1136 2608 ex
1160 2545 1201 2608 iis
1225 2565 1307 2630 quae

177 2670 327 2756 proxime
357 2670 550 2736 antecedunt
575 2641 630 2734 ¹vel
659 2676 839 2755 sequnntur
869 2671 963 2736 facile
986 2671 1190 2755 intelligitur.
1223 2671 1308 2736 Loco

177 2817 255 2860 vero
277 2795 315 2860 ds
340 2817 403 2881 quo
426 2795 630 2882 disputamus
653 2815 812 2881 nusquam
832 2795 872 2859 de
895 2796 936 2859 iis
960 2797 1018 2882 qui
1040 2796 1173 2862 aberant
1185 2797 1304 2860 mentio

176 2923 226 2988 fit.
250 2921 355 2986 Immo
379 2922 559 3006 ignorantia
583 2921 726 3008 ejusdem
751 2921 889 3005 subjecti
915 2923 999 2986 viros
1020 2921 1156 2986 Latinae
1176 2923 1307 3006 linguae

177 3048 392 3134 peritissimos
416 3049 449 3111 in
474 3049 579 3111 varias
603 3048 881 3134 interpretationes
904 3046 1045 3114 diduxit.

226 3172 304 3237 Tale
338 3180 445 3238 autem
478 3174 649 3238 obscurum
673 3172 800 3238 dicendi
823 3194 925 3258 genus
948 3193 968 3235 a
991 3171 1150 3258 pellucida
1173 3178 1205 3236 et
1229 3171 1305 3234 sim-

178 3300 258 3387 plici
283 3298 430 3366 Suetonii
453 3301 634 3366 narratione
657 3301 799 3365 alienum
824 3299 961 3366 videtur.
985 3298 1183 3384 Recipieuda
1203 3298 1304 3383 igitur

180 3432 231 3490 cst
264 3426 358 3489 lectio
392 3447 489 3512 quam
522 3427 687 3513 proposuit
718 3425 918 3509 Gronovius3
943 3425 1100 3512 syllabam
1123 3429 1159 3487 ‹le
1180 3425 1305 3489 censuit

181 3552 343 3646 excidisse
367 3559 399 3616 et
421 3553 533 3616 statuit
556 3551 747 3638 legendnm:
768 3550 819 3616 De
830 3550 1017 3616 absentibus
1028 3549 1203 3615 secundum
1217 3571 1306 3635 prae·

180 3686 288 3745 sentes
312 3678 466 3743 facillime
491 3678 595 3744 dabat.

364 3889 397 3957 Ο.
435 3891 486 3957 15.
521 3891 667 3976 Equitem
702 3891 826 3975 quidem
856 3890 1033 3954 Romanam
1056 3891 1250 3954 obscenitatis
1274 3891 1310 3952 ia

406 4017 541 4102 feminas
570 4038 667 4100 ream,
699 4017 753 4080 scd
783 4015 866 4100 falso
898 4023 926 4079 et
949 4016 986 4078 ab
1008 4017 1227 4096 impotentibus
1251 4017 1309 4078 ini-

411 4145 499 4206 micis
521 4143 647 4223 conficto
670 4143 799 4205 crimine
812 4192 820 4207 .
835 4192 842 4207 .
858 4191 887 4207 ..

234 4300 308 4374 Quo
342 4303 469 4388 saepius
500 4302 578 4366 haec
609 4302 674 4386 legi
705 4323 741 4365 eo
774 4301 881 4364 miuus
904 4301 1104 4386 acquiescere
1128 4302 1219 4386 potui
1244 4303 1314 4366 voci
