3259 5275
896 590 938 654 28

353 805 426 891 quis
462 825 523 869 non
559 803 669 869 videt?
705 802 744 866 In
779 802 853 865 aliis
884 806 969 866 certe
993 800 1155 867 codicibus
1178 798 1276 864 deest.
1298 795 1480 861 Verborum

352 939 459 995 tamen
493 929 579 1011 ordo,
614 931 671 1016 qui
697 936 745 994 est
769 930 801 993 in
826 927 975 993 Palatino
999 928 1113 1014 primo,
1137 926 1280 1011 antiquis
1304 922 1483 988 editoribus

351 1076 447 1121 causa
478 1055 542 1120 fuit
571 1054 755 1141 suspicandi
778 1055 877 1119 verba
900 1053 979 1119 haec
1000 1075 1068 1118 esse
1091 1051 1293 1138 transposita.
1320 1052 1425 1128 Quare
1448 1049 1482 1114 ct

351 1181 557 1247 Burmannus
591 1181 622 1246 et
653 1180 900 1267 Oudendorpius
931 1182 975 1245 ita
1007 1180 1193 1245 ediderunt:
1226 1199 1324 1264 quam
1348 1178 1481 1243 enixam

352 1309 468 1373 uxorio
492 1308 622 1372 nomine
646 1307 795 1393 dignatus
819 1313 877 1372 est.

396 1433 544 1522 Simplex
575 1434 635 1499 hoc
666 1434 844 1499 remedium
876 1433 1114 1521 transponendi,
1140 1432 1224 1519 quod
1248 1432 1376 1517 saepius
1400 1428 1481 1494 Sue-

351 1561 437 1625 tonio
470 1560 600 1646 profuit,
578 1559 684 1671 thoe
708 1560 809 1625 loco
800 1580 934 1646 insuper
953 1559 1121 1677 codicibus
1145 1556 1395 1638 commendatur,
1420 1578 1482 1643 pro

350 1709 425 1752 vero
448 1686 560 1753 habeo.

534 1974 565 2035 C.
591 1972 644 2035 26.
670 1972 827 2037 Scaenicis
845 1972 939 2054 tedia,
964 1972 1044 2035 inter
1063 1970 1226 2052 plebemet
1248 1971 1379 2055 equitem
1402 1991 1480 2033 cau·

497 2178 498 2181 ¹
573 2119 641 2162 scio
664 2100 890 2162 discordiarum
912 2118 1026 2181 sucas,
1047 2098 1181 2161 decimos
1202 2100 1359 2161 maturius
1372 2097 1479 2180 dohet,

576 2231 737 2308 etteques
738 2225 788 2288 rie
811 2225 850 2287 ab
873 2225 981 2304 infimo
1003 2245 1123 2309 quoque
1146 2231 1380 2307 occuparentur.

397 2447 502 2512 Mirus
529 2454 577 2513 est
563 2446 792 2512 tMssorum
782 2468 817 2510 m
840 2445 991 2510 hocloco
1014 2452 1161 2530 corrupto
1183 2466 1364 2510 consensus.
1389 2445 1477 2509 Nam

351 2595 415 2638 uno
440 2573 529 2660 regio
552 2578 686 2660 excepto
710 2574 808 2660 qui„
813 2571 980 2638 decurias’'
1005 2571 1100 2637 habet
1123 2592 1220 2659 pro,
1225 2570 1385 2637 decimas’'
1409 2594 1477 2638 om-

351 2721 407 2766 nes
430 2700 541 2766 eadem
564 2701 663 2766 verba
687 2700 896 2802 tradiderunt.

396 2825 484 2900 Quid
518 2848 596 2892 voce
629 2822 808 2914 „decimas”
840 2827 873 2889 in
875 2825 1040 2911 telligatur
1070 2825 1225 2910 interpret
1226 2832 1328 2890 atores
1351 2824 1475 2911 effugit.

351 2951 529 3018 (lenierunt
562 2952 708 3017 nonnulli
739 2951 892 3015 Galbae
920 2952 961 3014 15
984 2950 1194 3032 „Liberalitat
1180 2957 1228 3015 tes
1252 2950 1389 3016 Neronis
1412 2973 1475 3015 non

277 3073 278 3076 '
351 3079 424 3166 plus
458 3079 591 3144 decimis
621 3080 787 3161 concessis,
823 3100 880 3164 per
910 3078 1146 3164 quinquaginta
1168 3078 1259 3164 equit
1260 3099 1293 3142 es
1245 3076 1476 3142 tRom'anos

351 3204 542 3270 revocandas
574 3205 708 3268 curavit.
686 3203 807 3268 ι”Ιιι
832 3224 907 3268 vero
929 3203 1090 3289 significat
1077 3203 1194 3267 tnihil
1219 3203 1308 3268 aliud
1331 3225 1368 3268 ae
1390 3202 1475 3268 deci-

352 3353 418 3396 mas
442 3337 557 3418 partes,
581 3353 678 3418 quae
686 3331 857 3417 significat
848 3353 879 3396 ιο
902 3331 936 3393 ιιι
957 3337 1101 3395 nostrum
1120 3330 1225 3394 locum
1245 3351 1308 3394 non
1329 3329 1474 3417 quadrat

395 3458 552 3523 Nonnulli
575 3458 706 3545 quidem
730 3459 976 3543 suspicabantur
1001 3456 1060 3521 hac
1080 3478 1155 3521 voce
1178 3456 1318 3541 intelligi
1337 3457 1475 3542 vectigal

349 3583 489 3670 aliquod,
524 3587 616 3670 quus
651 3584 808 3650 reditibus
847 3591 984 3648 tesserae
1019 3605 1126 3648 rerum
1158 3583 1332 3647 missilium
1356 3583 1474 3671 populo

347 3709 523 3793 dabantur3
547 3731 657 3775 omnes
681 3718 788 3775 tamen
813 3709 1010 3815 emendando
1035 3710 1205 3774 meliorum
1218 3731 1346 3774 sensum
1361 3730 1474 3796 parare

350 3836 454 3899 conati
477 3843 561 3899 sunt.

393 3959 652 4026 Commendanda
682 3961 850 4026 videtur
841 3963 1003 4048 1mprimis
1028 3965 1150 4048 conjeet
1152 3984 1209 4027 ura
1233 3963 1472 4048 Oudendorpii:

349 4094 483 4159 tesseras
506 4087 609 4152 edicto
632 4088 791 4152 maturius
815 4088 910 4153 dabat
897 4096 1042 4175 t,quam
1066 4091 1281 4175 conjecturam
1302 4090 1347 4153 ita
1367 4089 1473 4176 expli-

349 4221 415 4278 cat:
458 4221 592 4279 tesseras
627 4235 734 4278 rerum
771 4214 955 4296 missilium,
992 4216 1180 4301 priusquam
1216 4215 1337 4280 edictas
1372 4222 1472 4297 erant,

346 4341 463 4428 populo
493 4341 598 4405 dabat.
575 4341 816 4427 tAntequam
847 4340 968 4447 scilicet
955 4342 1090 4428 tequit
1091 4363 1124 4405 es
1077 4340 1271 4405 tadsunt
1294 4342 1382 4428 plebi
1408 4348 1471 4406 tes·
