3259 5275
754 592 797 657 23

394 883 536 967 Caliyalo
562 881 594 947 0.
621 884 636 946 1
663 900 759 962 quum
784 876 952 941 Armeniae
974 893 1074 957 repom
1093 863 1251 934 demersat
1263 908 1270 920 ·
1284 907 1291 923 ·
1306 904 1337 925 .-

256 1096 293 1162 Si
327 1096 366 1161 ad
400 1095 487 1160 hunc
516 1094 623 1159 locum
646 1088 819 1157 contuleris
844 1086 950 1152 Taciti
972 1086 1059 1149 Ann.
1084 1081 1158 1148 Lib.
1183 1078 1219 1142 H
1242 1099 1269 1143 o.
1296 1078 1337 1142 56

205 1224 336 1290 videbis
369 1222 409 1287 de
445 1219 620 1286 Armeniae
642 1238 716 1303 rege
746 1236 766 1280 e
795 1213 988 1280 Germanico
1010 1209 1136 1275 devicto
1158 1227 1336 1273 sermonem

204 1371 280 1415 esee
310 1370 371 1414 non
396 1369 505 1435 posse;
529 1344 681 1412 Armenii
703 1344 790 1409 enim
814 1363 888 1407 cum
912 1337 1124 1405 Germanicus
1147 1334 1337 1400 in'Oriente

204 1483 293 1541 esset
327 1496 456 1562 prorsus
487 1494 594 1560 regem
626 1492 688 1537 non
720 1468 891 1533 habebant.
922 1464 1134 1531 Germanicus
1157 1469 1276 1544 autem,
1301 1467 1337 1525 ut

203 1600 439 1666 discordiarum
463 1599 537 1664 finis
559 1606 652 1683 esset,
675 1598 717 1662 iis
740 1618 849 1683 regem
872 1593 961 1659 dedit
975 1592 1146 1657 Zenonem.
1170 1588 1296 1653 Maxim
1318 1608 1336 1651 e

204 1750 285 1814 ergo
308 1729 496 1795 verisimilis
518 1734 566 1793 est
584 1728 766 1813 conjectura
785 1723 893 1810 Lipeii
904 1742 961 1809 pro
976 1718 1186 1802 „devicisset”
1199 1716 1336 1803 legentis

208 1856 402 1940 „dedisset'’‚
426 1876 523 1942 quam
547 1856 761 1941 conjecturam
785 1852 883 1916 etiam
903 1846 1120 1913 Ruhnkenius
1139 1845 1173 1908 in
1193 1845 1261 1908 suis
1280 1842 1335 1907 ad-
1425 1881 1428 1885 -

203 1983 427 2049 notationibus
450 1987 613 2069 procerte
636 1979 760 2044 habuit.

389 2257 423 2323 0.
448 2260 558 2323 9....
590 2276 660 2320 cum
684 2260 755 2337 poet
778 2273 932 2318 accessum
954 2251 1093 2335 Aurum·
1115 2247 1335 2312 tumultuantis

431 2392 459 2449 et
481 2385 516 2448 im
539 2384 682 2468 furorem
705 2402 803 2467 usque
820 2381 1008 2465 praecipites
1031 2377 1114 2442 eolus
1135 2373 1334 2440 hauddubie

431 2517 461 2576 et
483 2517 641 2595 conspeetu
662 2530 718 2573 erto
739 2508 836 2585 flexit.

252 2697 302 2762 Ite
325 2698 464 2764 Rothius
487 2698 598 2782 edidit,
622 2705 659 2763 ut
680 2697 864 2764 emendaret
887 2695 973 2783 quod
995 2697 1030 2761 in
1053 2695 1216 2783 plerisque
1239 2694 1333 2758 meeis

202 2826 342 2910 legitur:
377 2825 463 2890 solus
497 2825 585 2890 haud
620 2824 718 2890 dubie
752 2845 795 2889 ex
831 2832 1001 2911 conspectu
1036 2845 1094 2888 suo
1129 2823 1232 2888 flexit.
1257 2821 1331 2887 Non

202 2958 314 3018 antem
338 2952 457 3016 mirum
481 2958 529 3016 est
551 2951 819 3038 praepositionem
846 2951 941 3033 „ex'’‚
952 2972 1026 3016 cum
1038 2950 1168 3014 omnino
1180 2949 1331 3032 abundet,

202 3077 326 3144 Rothio
348 3099 458 3142 ansam
482 3080 682 3165 conjecturae
704 3078 838 3143 dedisse.
860 3076 1227 3164 Oudendorpiustemeu
1240 3099 1331 3164 pree·

202 3205 395 3294 positionem
432 3205 619 3270 servandam
655 3211 797 3270 statuens
832 3205 1026 3270 locutionem
1064 3225 1126 3287 „ex
1160 3211 1330 3291 conspectu

202 3333 284 3396 euo”
308 3332 353 3395 ite
376 3333 620 3419 interpretatur:
645 3353 687 3398 ex
712 3354 749 3397 eo
772 3331 857 3417 quod
879 3354 913 3398 se
936 3330 1186 3415 conspexissent,
1209 3331 1272 3414 vel,
1293 3338 1330 3395 ut

203 3461 276 3546 ipsa
308 3462 379 3546 ejus
411 3461 508 3525 verba
538 3459 680 3544 afferam,
708 3460 766 3543 „In
780 3462 862 3548 ipse
884 3460 966 3526 fecie
988 3468 1020 3526 et
1044 3461 1137 3527 vultu
1162 3457 1330 3548 Caligulae

203 3586 322 3651 bimuli
356 3589 449 3674 pueri
480 3609 542 3652 non
569 3591 672 3653 iuerat
702 3609 739 3654 ea
764 3589 816 3653 vel
837 3589 936 3654 comis
959 3589 1113 3654 severitas
1138 3589 1190 3654 vel
1214 3589 1329 3654 blenda

201 3714 385 3799 auotoritas,
431 3722 467 3780 ut
502 3716 621 3781 milites
655 3738 713 3782 suo
747 3724 917 3803 conspectu
940 3715 1067 3781 flectere
1091 3717 1240 3803 potuerit.
1265 3713 1328 3781 Sed

201 3838 299 3904 flexit
333 3862 386 3906 eos
421 3863 463 3906 ex
497 3843 549 3907 sui
583 3851 753 3930 conspeetu
787 3864 864 3931 prae
898 3844 1103 3910 miseratione
1138 3851 1170 3910 et
1192 3844 1328 3929 invidia,

202 3987 304 4050 quum
337 3966 489 4033 videbant
519 3970 625 4056 ipsum
650 3990 711 4034 non
735 3971 838 4034 solum
863 3991 881 4035 e
904 3971 1016 4036 caetris
1039 3971 1193 4058 ablegari,
1216 3973 1272 4038 sed
1296 3982 1328 4041 et

202 4112 276 4154 cum
300 4099 401 4158 matre
426 4093 574 4159 vehiculo
597 4095 739 4160 ablatum
765 4097 807 4160 iri
830 4096 870 4161 ad
894 4095 1082 4164 Treveros.'’

248 4216 299 4282 Ita
332 4219 589 4308 Oudendorpiue,
612 4221 792 4288 luculenter
812 4244 889 4288 sane
911 4231 944 4288 et
965 4225 1137 4310 eleganter.
1162 4225 1326 4305 Attamen,

204 4346 281 4431 qnid
315 4350 508 4437 praepositio
541 4351 636 4415 addat
658 4372 719 4416 uon
744 4352 847 4418 video.
875 4350 1074 4440 „Conspectu
1098 4358 1176 4421 euo''
1199 4357 1323 4444 signifi-
