3259 5275
773 600 812 660 21

229 833 299 887 μεις
322 806 374 873 arel
398 808 454 879 τὰς
478 807 629 887 προσοῗους
649 807 706 879 τὰς
726 807 823 875 κοινὰς
842 808 872 879 ἐς
886 806 1003 884 βιβλίον
1015 805 1172 887 ἒσγραέψας
1184 806 1271 872 ἔδωκε
1285 858 1292 875 .
1306 859 1314 875 .
1329 857 1358 874 ..

278 934 378 1021 Apud
402 934 540 1000 Dionem
565 955 640 1019 ergo
664 934 835 1019 Augustus
858 933 1065 1018 magistratus
1088 940 1122 998 ot
1139 940 1259 999 eeteros
1272 935 1359 1021 prin-

228 1060 321 1146 oipes
355 1080 429 1124 oum
452 1081 470 1124 e
495 1064 608 1124 senatu
632 1067 701 1123 tum
726 1080 768 1123 ex
792 1059 934 1145 equestri
956 1058 1067 1124 ordine
1089 1058 1220 1123 domum
1245 1079 1360 1125 eonve-

228 1187 327 1269 oavit,
351 1186 437 1273 apud
462 1184 654 1251 Suetonium
679 1206 742 1249 non
765 1186 869 1250 solum
893 1186 1101 1270 magistratus
1120 1184 1359 1252 sodetomnem

228 1319 390 1378 senatum.

277 1438 465 1504 Verisimile
487 1446 594 1504 autem
620 1461 682 1505 non
706 1448 753 1505 est
776 1439 963 1525 Augustum
987 1440 1076 1505 letali
1100 1440 1210 1505 morbo
1229 1463 1358 1528 oppres·

228 1587 305 1629 sum
327 1570 429 1629 totum
455 1571 603 1630 senatum
627 1606 668 1615 -
693 1566 758 1629 900
782 1565 835 1630 vel
861 1567 946 1629 1000
971 1565 1057 1629 viros
1078 1604 1117 1612 -
1132 1566 1262 1632 domum
1276 1569 1357 1632 aoei-

229 1725 330 1770 vrsse.

277 1827 361 1894 Oum
385 1850 461 1915 ergo
486 1851 504 1895 e
527 1829 689 1895 eodieibus
712 1829 859 1895 Suetonii
883 1829 1114 1896 Torrentianus
1134 1837 1166 1896 et
1186 1829 1357 1897 Oortianus

229 1963 364 2021 exarata
399 1954 539 2021 habeant
575 1957 836 2043 „magistratibus
871 1956 1046 2022 esenatu'’
1070 1956 1152 2021 hano
1176 1957 1355 2041 lectionem,

228 2066 314 2168 quae
355 2103 430 2147 eum
471 2083 651 2148 narratione
693 2082 808 2149 Dionis
844 2082 1013 2149 eonveniat
1045 2083 1140 2148 alteri
1175 2081 1355 2169 praeferen-

228 2206 305 2271 dam
330 2214 417 2295 puto.

419 2469 452 2536 0.
489 2470 542 2534 87.
573 2473 664 2551 ponit
697 2474 822 2536 assidue
844 2478 874 2536 et
891 2493 951 2552 pro
973 2473 1067 2537 stulto
1090 2473 1246 2537 amatam
1269 2475 1358 2556 apud

447 2596 575 2682 pullum
591 2597 811 2683 pulleioneam.

274 2833 314 2897 ln
339 2856 414 2900 voee
442 2835 647 2916 „haeeolum”
671 2833 889 2900 Ruhnkenius
911 2834 990 2899 haee
1012 2834 1193 2900 adnotavit:

278 2960 396 3041 „Reate
419 2961 483 3025 viri
506 2960 590 3027 dooti
608 2961 754 3025 soribunt
777 2960 974 3042 „baselum”
988 2959 1074 3023 Nam
1085 2959 1218 3037 βάκηλος
1232 2957 1354 3024 Graece

231 3087 391 3173 signifieat
421 3087 652 3151 stolidum
676 3093 708 3159 et
731 3088 934 3152 inertem
960 3109 989 3152 v.
1014 3085 1216 3172 Hesyohium
1243 3085 1274 3149 h.
1300 3085 1352 3149 v.”

230 3211 304 3277 Vox
340 3219 424 3277 certo
461 3213 669 3293 „baeeolum”
704 3213 847 3278 difficilis
881 3220 929 3278 est
964 3212 1138 3298 explicatu,
1169 3233 1229 3277 neo
1260 3212 1353 3278 video

230 3338 386 3423 quomodo
415 3359 457 3403 ex
485 3338 653 3418 „basolus”
677 3339 797 3404 laetum
821 3339 863 3402 sit
889 3336 1086 3418 „baoeolua”
1111 3334 1220 3402 Verba
1243 3344 1351 3402 autem

230 3485 311 3549 quae
346 3464 494 3549 proxime
529 3471 708 3551 sequuntur
742 3461 775 3528 in
808 3463 930 3528 Rothii-
946 3463 1086 3530 editione
1117 3462 1201 3526 nihil
1223 3484 1352 3550 prorsus

229 3589 421 3676 significant.

271 3715 311 3779 In
347 3715 458 3780 multis
488 3715 651 3781 oodieibus
681 3716 779 3780 etiam
803 3716 837 3778 in
861 3714 1056 3779 Memmiano
1079 3714 1233 3780 habetur:
1259 3715 1349 3780 baee-

228 3843 313 3906 olum
350 3847 382 3907 et
416 3842 501 3928 apud
537 3842 663 3928 pullum
698 3842 924 3929 pulleiaeeum.
955 3838 1126 3907 Oortianus
1155 3849 1188 3908 et
1210 3842 1349 3909 Vindob.

228 3989 275 4054 pr.
299 3967 446 4033 tradunt:
461 4017 469 4032 .
484 4017 491 4032 .
508 4017 537 4032 ..
562 3973 594 4032 et
617 3989 673 4054 pro
694 3969 818 4054 pullum
832 3968 1056 4054 pulleiaeeum.
1069 3967 1227 4055 Equidem
1241 3971 1349 4052 miror,

228 4095 255 4158 si
289 4094 341 4158 his
375 4095 566 4160 laetionibus
599 4094 775 4180 eonspeetis
810 4093 958 4159 dubitare
992 4095 1065 4181 quis
1089 4097 1188 4182 possit
1211 4095 1250 4162 de
1274 4118 1349 4162 vero

228 4240 322 4284 sensu
359 4225 391 4285 et
420 4219 459 4284 de
478 4219 630 4285 remedio
653 4219 752 4307 hujus
775 4221 846 4284 looi.
870 4220 981 4285 Faoile
1003 4222 1090 4286 enim
1113 4242 1206 4286 omne
1230 4222 1348 4288 inoom·

228 4347 356 4411 modum
386 4347 555 4412 sustuleris
586 4347 614 4410 si
639 4347 746 4412 verbis
770 4347 958 4412 ultimorum
982 4346 1127 4412 eodioum
1150 4368 1223 4412 oum
1251 4350 1347 4415 levis-
