<?xml version="1.0" encoding="UTF-8"?>
<!DOCTYPE html PUBLIC "-//W3C//DTD XHTML 1.0 Transitional//EN"
    "http://www.w3.org/TR/xhtml1/DTD/xhtml1-transitional.dtd">
<html xmlns="http://www.w3.org/1999/xhtml" xml:lang="en" lang="en">
 <head>
  <title>
</title>
<meta http-equiv="Content-Type" content="text/html;charset=utf-8" />
  <meta name='ocr-system' content='tesseract 3.04.00' />
  <meta name='ocr-capabilities' content='ocr_page ocr_carea ocr_par ocr_line ocrx_word'/>
</head>
<body>
  <div class='ocr_page' id='page_1' title='image "./annotationescri01veldgoog_0043.png"; bbox 0 0 3259 5275; ppageno 0'>
   <div class='ocr_carea' id='block_1_1' title="bbox 687 650 729 711">
    <p class='ocr_par' dir='ltr' id='par_1_1' title="bbox 687 650 729 711">
     <span class='ocr_line' id='line_1_1' title="bbox 687 650 729 711; baseline 0 0"><span class='ocrx_word' id='word_1_1' title='bbox 687 650 729 711; x_wconf 85' lang='lat'><strong>35</strong></span> 
     </span>
    </p>
   </div>
   <div class='ocr_carea' id='block_1_2' title="bbox 144 858 1273 1200">
    <p class='ocr_par' dir='ltr' id='par_1_2' title="bbox 144 858 1273 1200">
     <span class='ocr_line' id='line_1_2' title="bbox 144 858 1270 947; baseline -0.001 -24"><span class='ocrx_word' id='word_1_2' title='bbox 144 860 254 941; x_wconf 86' lang='lat' dir='ltr'><strong>Basil.‚</strong></span> <span class='ocrx_word' id='word_1_3' title='bbox 291 860 502 947; x_wconf 83' lang='lat' dir='ltr'><strong>discretisque</strong></span> <span class='ocrx_word' id='word_1_4' title='bbox 536 860 794 947; x_wconf 85' lang='lat' dir='ltr'><strong>Oudendorpius,</strong></span> <span class='ocrx_word' id='word_1_5' title='bbox 831 860 1049 947; x_wconf 75' lang='lat' dir='ltr'><strong>districtisque</strong></span> <span class='ocrx_word' id='word_1_6' title='bbox 1084 858 1216 925; x_wconf 88' lang='lat' dir='ltr'><strong>Momm.</strong></span> <span class='ocrx_word' id='word_1_7' title='bbox 1251 880 1270 922; x_wconf 90' lang='lat' dir='ltr'><strong>a</strong></span> 
     </span>
     <span class='ocr_line' id='line_1_3' title="bbox 145 986 1048 1074; baseline 0.003 -25"><span class='ocrx_word' id='word_1_8' title='bbox 145 988 249 1073; x_wconf 92' lang='lat' dir='ltr'><strong>prima</strong></span> <span class='ocrx_word' id='word_1_9' title='bbox 273 1009 369 1051; x_wconf 90' lang='lat' dir='ltr'><strong>manu</strong></span> <span class='ocrx_word' id='word_1_10' title='bbox 396 1009 452 1074; x_wconf 90' lang='lat' dir='ltr'><strong>pro</strong></span> <span class='ocrx_word' id='word_1_11' title='bbox 476 986 705 1073; x_wconf 76' lang='lat' dir='ltr'><strong>distractisque</strong></span> <span class='ocrx_word' id='word_1_12' title='bbox 729 986 781 1051; x_wconf 87' lang='lat' dir='ltr'><strong>vel</strong></span> <span class='ocrx_word' id='word_1_13' title='bbox 805 986 1048 1073; x_wconf 85' lang='lat' dir='ltr'><strong>destructisque.</strong></span> 
     </span>
     <span class='ocr_line' id='line_1_4' title="bbox 190 1111 1273 1200; baseline 0.002 -24"><span class='ocrx_word' id='word_1_14' title='bbox 190 1111 330 1177; x_wconf 88' lang='lat' dir='ltr'><strong>Videtur</strong></span> <span class='ocrx_word' id='word_1_15' title='bbox 352 1113 436 1200; x_wconf 93' lang='lat' dir='ltr'><strong>quod</strong></span> <span class='ocrx_word' id='word_1_16' title='bbox 461 1112 709 1199; x_wconf 87' lang='lat' dir='ltr'><strong>Oudendorpius</strong></span> <span class='ocrx_word' id='word_1_17' title='bbox 732 1115 910 1199; x_wconf 90' lang='lat' dir='ltr'><strong>conjecerat</strong></span> <span class='ocrx_word' id='word_1_18' title='bbox 933 1112 1182 1199; x_wconf 86' lang='lat' dir='ltr'><strong>„discretisque”</strong></span> <span class='ocrx_word' id='word_1_19' title='bbox 1204 1134 1273 1179; x_wconf 86' lang='lat' dir='ltr'><strong>esse</strong></span> 
     </span>
    </p>
   </div>
   <div class='ocr_carea' id='block_1_3' title="bbox 19 1237 1273 1325">
    <p class='ocr_par' dir='ltr' id='par_1_3' title="bbox 19 1237 1273 1325">
     <span class='ocr_line' id='line_1_5' title="bbox 19 1237 1273 1325; baseline 0.001 -24"><span class='ocrx_word' id='word_1_20' title='bbox 19 1300 20 1309; x_wconf 68' lang='grc'>,</span> <span class='ocrx_word' id='word_1_21' title='bbox 145 1238 402 1323; x_wconf 90' lang='lat' dir='ltr'><strong>praeferendum.</strong></span> <span class='ocrx_word' id='word_1_22' title='bbox 438 1237 473 1302; x_wconf 84' lang='lat' dir='ltr'><strong>Si</strong></span> <span class='ocrx_word' id='word_1_23' title='bbox 508 1240 595 1303; x_wconf 90' lang='lat' dir='ltr'><strong>enim</strong></span> <span class='ocrx_word' id='word_1_24' title='bbox 631 1238 689 1304; x_wconf 92' lang='lat' dir='ltr'><strong>hoc</strong></span> <span class='ocrx_word' id='word_1_25' title='bbox 724 1239 790 1303; x_wconf 93' lang='lat' dir='ltr'><strong>loco</strong></span> <span class='ocrx_word' id='word_1_26' title='bbox 826 1245 950 1303; x_wconf 87' lang='lat' dir='ltr'><strong>tantum</strong></span> <span class='ocrx_word' id='word_1_27' title='bbox 982 1246 1150 1325; x_wconf 87' lang='lat' dir='ltr'><strong>corruptae</strong></span> <span class='ocrx_word' id='word_1_28' title='bbox 1181 1260 1273 1304; x_wconf 87' lang='lat' dir='ltr'><strong>voces</strong></span> 
     </span>
    </p>
   </div>
   <div class='ocr_carea' id='block_1_4' title="bbox 144 1363 1274 1705">
    <p class='ocr_par' dir='ltr' id='par_1_4' title="bbox 144 1363 1274 1705">
     <span class='ocr_line' id='line_1_6' title="bbox 148 1363 1274 1445; baseline 0.001 -18"><span class='ocrx_word' id='word_1_29' title='bbox 148 1364 334 1444; x_wconf 87' lang='lat' dir='ltr'><strong>„distructis</strong></span> <span class='ocrx_word' id='word_1_30' title='bbox 356 1365 408 1430; x_wconf 87' lang='lat' dir='ltr'><strong>vel</strong></span> <span class='ocrx_word' id='word_1_31' title='bbox 431 1364 621 1430; x_wconf 89' lang='lat' dir='ltr'><strong>destructis&#39;&#39;</strong></span> <span class='ocrx_word' id='word_1_32' title='bbox 647 1370 705 1429; x_wconf 90' lang='lat' dir='ltr'><strong>etc.</strong></span> <span class='ocrx_word' id='word_1_33' title='bbox 730 1363 936 1445; x_wconf 87' lang='lat' dir='ltr'><strong>offenderent,</strong></span> <span class='ocrx_word' id='word_1_34' title='bbox 960 1365 1008 1429; x_wconf 88' lang='lat' dir='ltr'><strong>fas</strong></span> <span class='ocrx_word' id='word_1_35' title='bbox 1028 1370 1111 1429; x_wconf 88' lang='lat' dir='ltr'><strong>esset</strong></span> <span class='ocrx_word' id='word_1_36' title='bbox 1126 1364 1274 1429; x_wconf 86' lang='lat' dir='ltr'><strong>dubitare</strong></span> 
     </span>
     <span class='ocr_line' id='line_1_7' title="bbox 144 1491 1274 1577; baseline 0.003 -25"><span class='ocrx_word' id='word_1_37' title='bbox 144 1491 229 1555; x_wconf 83' lang='lat' dir='ltr'><strong>sitne</strong></span> <span class='ocrx_word' id='word_1_38' title='bbox 264 1491 437 1577; x_wconf 86' lang='lat' dir='ltr'><strong>legendum</strong></span> <span class='ocrx_word' id='word_1_39' title='bbox 476 1491 673 1573; x_wconf 81' lang='lat' dir='ltr'><strong>„discretis&#39;&#39;,</strong></span> <span class='ocrx_word' id='word_1_40' title='bbox 708 1512 749 1556; x_wconf 88' lang='lat' dir='ltr'><strong>an</strong></span> <span class='ocrx_word' id='word_1_41' title='bbox 789 1492 1000 1573; x_wconf 81' lang='lat' dir='ltr'><strong>„distinctis”.</strong></span> <span class='ocrx_word' id='word_1_42' title='bbox 1035 1491 1164 1557; x_wconf 89' lang='lat' dir='ltr'><strong>Pluries</strong></span> <span class='ocrx_word' id='word_1_43' title='bbox 1200 1513 1274 1556; x_wconf 88' lang='lat' dir='ltr'><strong>vero</strong></span> 
     </span>
     <span class='ocr_line' id='line_1_8' title="bbox 145 1618 1273 1705; baseline 0.002 -24"><span class='ocrx_word' id='word_1_44' title='bbox 145 1618 258 1683; x_wconf 85' lang='lat' dir='ltr'><strong>eadem</strong></span> <span class='ocrx_word' id='word_1_45' title='bbox 283 1641 349 1683; x_wconf 79' lang='lat' dir='ltr'><strong>vox</strong></span> <span class='ocrx_word' id='word_1_46' title='bbox 376 1619 570 1700; x_wconf 83' lang='lat' dir='ltr'><strong>„discretae”</strong></span> <span class='ocrx_word' id='word_1_47' title='bbox 596 1620 629 1683; x_wconf 92' lang='lat' dir='ltr'><strong>in</strong></span> <span class='ocrx_word' id='word_1_48' title='bbox 654 1620 748 1683; x_wconf 89' lang='lat' dir='ltr'><strong>mssis</strong></span> <span class='ocrx_word' id='word_1_49' title='bbox 771 1620 805 1684; x_wconf 89' lang='lat' dir='ltr'><strong>in</strong></span> <span class='ocrx_word' id='word_1_50' title='bbox 827 1619 954 1685; x_wconf 87' lang='lat' dir='ltr'><strong>easdem</strong></span> <span class='ocrx_word' id='word_1_51' title='bbox 974 1618 1273 1705; x_wconf 86' lang='lat' dir='ltr'><strong>corruptelasabiit.</strong></span> 
     </span>
    </p>
   </div>
   <div class='ocr_carea' id='block_1_5' title="bbox 330 1904 1272 1970">
    <p class='ocr_par' dir='ltr' id='par_1_5' title="bbox 330 1904 1272 1970">
     <span class='ocr_line' id='line_1_9' title="bbox 330 1904 1272 1970; baseline 0 -3"><span class='ocrx_word' id='word_1_52' title='bbox 330 1904 363 1970; x_wconf 80' lang='lat'><strong>0.</strong></span> <span class='ocrx_word' id='word_1_53' title='bbox 388 1905 442 1967; x_wconf 89' lang='grc'><strong>44.</strong></span> <span class='ocrx_word' id='word_1_54' title='bbox 477 1904 642 1970; x_wconf 79' lang='lat' dir='ltr'><strong>Commodo</strong></span> <span class='ocrx_word' id='word_1_55' title='bbox 672 1906 814 1970; x_wconf 80' lang='lat' dir='ltr'><strong>emeritae</strong></span> <span class='ocrx_word' id='word_1_56' title='bbox 838 1906 966 1969; x_wconf 71' lang='lat' dir='ltr'><strong>creditisne</strong></span> <span class='ocrx_word' id='word_1_57' title='bbox 989 1906 1032 1968; x_wconf 87' lang='lat' dir='ltr'><strong>od</strong></span> <span class='ocrx_word' id='word_1_58' title='bbox 1062 1910 1272 1969; x_wconf 77' lang='lat' dir='ltr'><strong>sexcentorum</strong></span> 
     </span>
    </p>
   </div>
   <div class='ocr_carea' id='block_1_6' title="bbox 371 2030 807 2095">
    <p class='ocr_par' dir='ltr' id='par_1_6' title="bbox 371 2030 807 2095">
     <span class='ocr_line' id='line_1_10' title="bbox 371 2030 807 2095; baseline 0 -2"><span class='ocrx_word' id='word_1_59' title='bbox 371 2030 493 2094; x_wconf 82' lang='lat' dir='ltr'><strong>mitium</strong></span> <span class='ocrx_word' id='word_1_60' title='bbox 512 2052 667 2095; x_wconf 84' lang='lat' dir='ltr'><strong>summam</strong></span> <span class='ocrx_word' id='word_1_61' title='bbox 691 2033 807 2095; x_wconf 81' lang='lat' dir='ltr'><strong>recidit.</strong></span> 
     </span>
    </p>
   </div>
   <div class='ocr_carea' id='block_1_7' title="bbox 193 2210 1273 2317">
    <p class='ocr_par' dir='ltr' id='par_1_7' title="bbox 193 2210 1273 2317">
     <span class='ocr_line' id='line_1_11' title="bbox 193 2210 1273 2317; baseline 0 -22"><span class='ocrx_word' id='word_1_62' title='bbox 193 2231 244 2295; x_wconf 90' lang='lat' dir='ltr'><strong>Ita</strong></span> <span class='ocrx_word' id='word_1_63' title='bbox 267 2231 407 2295; x_wconf 86' lang='lat' dir='ltr'><strong>Rothius</strong></span> <span class='ocrx_word' id='word_1_64' title='bbox 432 2230 600 2317; x_wconf 87' lang='lat' dir='ltr'><strong>plerosque</strong></span> <span class='ocrx_word' id='word_1_65' title='bbox 624 2252 724 2295; x_wconf 83' lang='lat' dir='ltr'><strong>mesos</strong></span> <span class='ocrx_word' id='word_1_66' title='bbox 745 2210 1013 2314; x_wconf 40' lang='lat' dir='ltr'><strong>secutus&#39;edidit3</strong></span> <span class='ocrx_word' id='word_1_67' title='bbox 1026 2231 1273 2297; x_wconf 87' lang='lat' dir='ltr'><strong>adnotattamen</strong></span> 
     </span>
    </p>
   </div>
   <div class='ocr_carea' id='block_1_8' title="bbox 147 2356 1280 4454">
    <p class='ocr_par' dir='ltr' id='par_1_8' title="bbox 148 2356 764 2444">
     <span class='ocr_line' id='line_1_12' title="bbox 148 2356 764 2444; baseline -0.002 -23"><span class='ocrx_word' id='word_1_68' title='bbox 148 2358 300 2444; x_wconf 89' lang='lat' dir='ltr'><strong>Lipsium</strong></span> <span class='ocrx_word' id='word_1_69' title='bbox 324 2356 517 2443; x_wconf 86' lang='lat' dir='ltr'><strong>conjecisse:</strong></span> <span class='ocrx_word' id='word_1_70' title='bbox 542 2379 601 2422; x_wconf 88' lang='lat' dir='ltr'><strong>sex</strong></span> <span class='ocrx_word' id='word_1_71' title='bbox 625 2356 764 2421; x_wconf 92' lang='lat' dir='ltr'><strong>milium.</strong></span> 
     </span>
    </p>

    <p class='ocr_par' dir='ltr' id='par_1_9' title="bbox 147 2482 1277 3068">
     <span class='ocr_line' id='line_1_13' title="bbox 197 2482 1276 2569; baseline -0.001 -21"><span class='ocrx_word' id='word_1_72' title='bbox 197 2485 299 2558; x_wconf 82' lang='lat' dir='ltr'><strong>Quam</strong></span> <span class='ocrx_word' id='word_1_73' title='bbox 323 2485 538 2569; x_wconf 88' lang='lat' dir='ltr'><strong>conjecturem</strong></span> <span class='ocrx_word' id='word_1_74' title='bbox 563 2483 764 2547; x_wconf 85' lang='lat' dir='ltr'><strong>verissimam</strong></span> <span class='ocrx_word' id='word_1_75' title='bbox 790 2489 868 2568; x_wconf 92' lang='lat' dir='ltr'><strong>puto</strong></span> <span class='ocrx_word' id='word_1_76' title='bbox 893 2490 989 2568; x_wconf 89' lang='lat' dir='ltr'><strong>atque</strong></span> <span class='ocrx_word' id='word_1_77' title='bbox 1013 2483 1112 2547; x_wconf 90' lang='lat' dir='ltr'><strong>miror</strong></span> <span class='ocrx_word' id='word_1_78' title='bbox 1135 2482 1276 2547; x_wconf 92' lang='lat' dir='ltr'><strong>nondum</strong></span> 
     </span>
     <span class='ocr_line' id='line_1_14' title="bbox 147 2606 1276 2678; baseline -0.004 -2"><span class='ocrx_word' id='word_1_79' title='bbox 147 2612 191 2676; x_wconf 93' lang='lat' dir='ltr'><strong>ab</strong></span> <span class='ocrx_word' id='word_1_80' title='bbox 214 2611 390 2678; x_wconf 87' lang='lat' dir='ltr'><strong>editoribus</strong></span> <span class='ocrx_word' id='word_1_81' title='bbox 414 2632 483 2677; x_wconf 87' lang='lat' dir='ltr'><strong>esse</strong></span> <span class='ocrx_word' id='word_1_82' title='bbox 506 2609 690 2675; x_wconf 78' lang='lat' dir='ltr'><strong>admissam.</strong></span> <span class='ocrx_word' id='word_1_83' title='bbox 715 2608 778 2674; x_wconf 89' lang='lat' dir='ltr'><strong>Dio</strong></span> <span class='ocrx_word' id='word_1_84' title='bbox 802 2606 934 2675; x_wconf 76' lang='lat' dir='ltr'><strong>Cassius</strong></span> <span class='ocrx_word' id='word_1_85' title='bbox 958 2609 1044 2674; x_wconf 91' lang='lat' dir='ltr'><strong>enim</strong></span> <span class='ocrx_word' id='word_1_86' title='bbox 1065 2608 1103 2674; x_wconf 87' lang='lat' dir='ltr'><strong>L.</strong></span> <span class='ocrx_word' id='word_1_87' title='bbox 1124 2610 1167 2674; x_wconf 82' lang='lat'><strong>55</strong></span> <span class='ocrx_word' id='word_1_88' title='bbox 1187 2631 1213 2675; x_wconf 93' lang='lat' dir='ltr'><strong>c.</strong></span> <span class='ocrx_word' id='word_1_89' title='bbox 1234 2610 1276 2672; x_wconf 79' lang='lat'><strong>23</strong></span> 
     </span>
     <span class='ocr_line' id='line_1_15' title="bbox 148 2736 1277 2817; baseline -0.003 -15"><span class='ocrx_word' id='word_1_90' title='bbox 148 2745 274 2802; x_wconf 84' lang='lat' dir='ltr'><strong>narrat:</strong></span> <span class='ocrx_word' id='word_1_91' title='bbox 311 2739 461 2816; x_wconf 69' lang='grc' dir='ltr'><strong>ἐψηφίσθη</strong></span> <span class='ocrx_word' id='word_1_92' title='bbox 499 2745 559 2807; x_wconf 78' lang='grc' dir='ltr'><strong>τοῖς</strong></span> <span class='ocrx_word' id='word_1_93' title='bbox 594 2738 648 2813; x_wconf 79' lang='grc' dir='ltr'><strong>μὲν</strong></span> <span class='ocrx_word' id='word_1_94' title='bbox 680 2737 713 2799; x_wconf 86' lang='grc' dir='ltr'><strong>ἐκ</strong></span> <span class='ocrx_word' id='word_1_95' title='bbox 743 2740 792 2799; x_wconf 80' lang='grc' dir='ltr'><strong>τοῦ</strong></span> <span class='ocrx_word' id='word_1_96' title='bbox 825 2737 1006 2817; x_wconf 57' lang='lat' dir='ltr'><strong>decedentum</strong></span> <span class='ocrx_word' id='word_1_97' title='bbox 1030 2736 1277 2815; x_wconf 77' lang='grc' dir='ltr'><strong><em>πεντακισχιλίας</em></strong></span> 
     </span>
     <span class='ocr_line' id='line_1_16' title="bbox 148 2861 1275 2942; baseline -0.004 -15"><span class='ocrx_word' id='word_1_98' title='bbox 148 2865 305 2942; x_wconf 67' lang='grc' dir='ltr'><strong>δραχμάς,</strong></span> <span class='ocrx_word' id='word_1_99' title='bbox 331 2864 448 2926; x_wconf 77' lang='grc' dir='ltr'><em>ἐπειδὰν</em></span> <span class='ocrx_word' id='word_1_100' title='bbox 471 2863 630 2926; x_wconf 70' lang='grc' dir='ltr'><em>ἑκκαίδεκα</em></span> <span class='ocrx_word' id='word_1_101' title='bbox 650 2861 710 2935; x_wconf 70' lang='lat' dir='ltr'><strong>iun,</strong></span> <span class='ocrx_word' id='word_1_102' title='bbox 738 2870 798 2932; x_wconf 79' lang='grc' dir='ltr'><strong>τοῖς</strong></span> <span class='ocrx_word' id='word_1_103' title='bbox 811 2862 843 2925; x_wconf 74' lang='grc' dir='ltr'><strong>δὲ</strong></span> <span class='ocrx_word' id='word_1_104' title='bbox 855 2862 956 2940; x_wconf 78' lang='grc' dir='ltr'><em>ἑτέροις</em></span> <span class='ocrx_word' id='word_1_105' title='bbox 969 2861 1146 2942; x_wconf 63' lang='lat' dir='ltr'><strong>retexerim,</strong></span> <span class='ocrx_word' id='word_1_106' title='bbox 1159 2863 1275 2926; x_wconf 73' lang='grc' dir='ltr'><em>ἐπειδὰν</em></span> 
     </span>
     <span class='ocr_line' id='line_1_17' title="bbox 150 2988 668 3068; baseline -0.008 -16"><span class='ocrx_word' id='word_1_107' title='bbox 150 2989 235 3053; x_wconf 79' lang='grc' dir='ltr'><em>εἴκοσι</em></span> <span class='ocrx_word' id='word_1_108' title='bbox 259 2989 502 3068; x_wconf 70' lang='grc' dir='ltr'><em>στρατεύσωνται,</em></span> <span class='ocrx_word' id='word_1_109' title='bbox 527 2988 668 3052; x_wconf 72' lang='grc' dir='ltr'><em>δίδοσθαι,</em></span> 
     </span>
    </p>

    <p class='ocr_par' dir='ltr' id='par_1_10' title="bbox 152 3111 1277 3574">
     <span class='ocr_line' id='line_1_18' title="bbox 196 3111 1277 3199; baseline 0.001 -21"><span class='ocrx_word' id='word_1_110' title='bbox 196 3112 372 3178; x_wconf 76' lang='lat' dir='ltr'><strong>Commoda</strong></span> <span class='ocrx_word' id='word_1_111' title='bbox 403 3113 504 3199; x_wconf 83' lang='lat' dir='ltr'><strong>igitur</strong></span> <span class='ocrx_word' id='word_1_112' title='bbox 530 3113 682 3178; x_wconf 80' lang='lat' dir='ltr'><strong>emeritae</strong></span> <span class='ocrx_word' id='word_1_113' title='bbox 706 3111 842 3178; x_wconf 86' lang='lat' dir='ltr'><strong>militiae</strong></span> <span class='ocrx_word' id='word_1_114' title='bbox 865 3114 906 3177; x_wconf 95' lang='lat' dir='ltr'><strong>ab</strong></span> <span class='ocrx_word' id='word_1_115' title='bbox 930 3112 1081 3198; x_wconf 82' lang='lat' dir='ltr'><strong>Augusto</strong></span> <span class='ocrx_word' id='word_1_116' title='bbox 1104 3114 1277 3179; x_wconf 87' lang='lat' dir='ltr'><strong>constituta</strong></span> 
     </span>
     <span class='ocr_line' id='line_1_19' title="bbox 152 3237 1277 3325; baseline 0.002 -24"><span class='ocrx_word' id='word_1_117' title='bbox 152 3239 285 3304; x_wconf 87' lang='lat' dir='ltr'><strong>fuerunt</strong></span> <span class='ocrx_word' id='word_1_118' title='bbox 312 3239 584 3325; x_wconf 88' lang='lat' dir='ltr'><strong>praetorianorum</strong></span> <span class='ocrx_word' id='word_1_119' title='bbox 608 3237 752 3322; x_wconf 94' lang='lat' dir='ltr'><strong>quinque</strong></span> <span class='ocrx_word' id='word_1_120' title='bbox 775 3237 877 3318; x_wconf 89' lang='lat' dir='ltr'><strong>milia,</strong></span> <span class='ocrx_word' id='word_1_121' title='bbox 901 3244 1077 3302; x_wconf 88' lang='lat' dir='ltr'><strong>ceterorum</strong></span> <span class='ocrx_word' id='word_1_122' title='bbox 1100 3239 1163 3302; x_wconf 90' lang='lat' dir='ltr'><strong>tria</strong></span> <span class='ocrx_word' id='word_1_123' title='bbox 1185 3239 1277 3303; x_wconf 89' lang='lat' dir='ltr'><strong>milia</strong></span> 
     </span>
     <span class='ocr_line' id='line_1_20' title="bbox 152 3361 1276 3448; baseline 0.001 -21"><span class='ocrx_word' id='word_1_124' title='bbox 152 3363 388 3428; x_wconf 83' lang='lat' dir='ltr'><strong>drachmarum.</strong></span> <span class='ocrx_word' id='word_1_125' title='bbox 413 3362 599 3448; x_wconf 86' lang='lat' dir='ltr'><strong>Legionarii</strong></span> <span class='ocrx_word' id='word_1_126' title='bbox 623 3363 726 3447; x_wconf 87' lang='lat' dir='ltr'><strong>igitur</strong></span> <span class='ocrx_word' id='word_1_127' title='bbox 748 3368 819 3448; x_wconf 89' lang='lat' dir='ltr'><strong>post</strong></span> <span class='ocrx_word' id='word_1_128' title='bbox 841 3361 1030 3448; x_wconf 85' lang='lat' dir='ltr'><strong>Augustum</strong></span> <span class='ocrx_word' id='word_1_129' title='bbox 1054 3365 1141 3428; x_wconf 89' lang='grc'><strong>3000</strong></span> <span class='ocrx_word' id='word_1_130' title='bbox 1165 3365 1276 3430; x_wconf 89' lang='lat' dir='ltr'><strong>drach·</strong></span> 
     </span>
     <span class='ocr_line' id='line_1_21' title="bbox 153 3487 998 3574; baseline -0.002 -20"><span class='ocrx_word' id='word_1_131' title='bbox 153 3513 290 3573; x_wconf 88' lang='lat' dir='ltr'><strong>marum,</strong></span> <span class='ocrx_word' id='word_1_132' title='bbox 315 3491 337 3554; x_wconf 90' lang='lat' dir='ltr'><strong>i.</strong></span> <span class='ocrx_word' id='word_1_133' title='bbox 351 3511 378 3554; x_wconf 92' lang='lat' dir='ltr'><strong>e.</strong></span> <span class='ocrx_word' id='word_1_134' title='bbox 405 3489 524 3570; x_wconf 84' lang='lat'>12,000</span> <span class='ocrx_word' id='word_1_135' title='bbox 547 3488 766 3553; x_wconf 87' lang='lat' dir='ltr'><strong>sestertiorum</strong></span> <span class='ocrx_word' id='word_1_136' title='bbox 788 3487 998 3574; x_wconf 88' lang='lat' dir='ltr'><strong>accipiebant.</strong></span> 
     </span>
    </p>

    <p class='ocr_par' dir='ltr' id='par_1_11' title="bbox 154 3613 1276 3829">
     <span class='ocr_line' id='line_1_22' title="bbox 196 3613 1276 3704; baseline -0.001 -21"><span class='ocrx_word' id='word_1_137' title='bbox 196 3617 248 3683; x_wconf 76' lang='lat' dir='ltr'><strong>Ex</strong></span> <span class='ocrx_word' id='word_1_138' title='bbox 281 3637 346 3704; x_wconf 92' lang='lat' dir='ltr'><strong>quo</strong></span> <span class='ocrx_word' id='word_1_139' title='bbox 369 3615 428 3681; x_wconf 93' lang='lat' dir='ltr'><strong>hoc</strong></span> <span class='ocrx_word' id='word_1_140' title='bbox 450 3616 563 3680; x_wconf 88' lang='lat' dir='ltr'><strong>saltem</strong></span> <span class='ocrx_word' id='word_1_141' title='bbox 587 3619 671 3678; x_wconf 90' lang='lat' dir='ltr'><strong>certo</strong></span> <span class='ocrx_word' id='word_1_142' title='bbox 693 3613 812 3679; x_wconf 89' lang='lat' dir='ltr'><strong>certius</strong></span> <span class='ocrx_word' id='word_1_143' title='bbox 835 3613 1071 3680; x_wconf 89' lang='lat' dir='ltr'><strong>demonstratur</strong></span> <span class='ocrx_word' id='word_1_144' title='bbox 1093 3614 1276 3703; x_wconf 76' lang='lat' dir='ltr'><strong>Caligulam</strong></span> 
     </span>
     <span class='ocr_line' id='line_1_23' title="bbox 154 3739 1216 3829; baseline -0.001 -21"><span class='ocrx_word' id='word_1_145' title='bbox 154 3743 334 3829; x_wconf 89' lang='lat' dir='ltr'><strong>praemium</strong></span> <span class='ocrx_word' id='word_1_146' title='bbox 358 3741 440 3807; x_wconf 92' lang='lat' dir='ltr'><strong>illud</strong></span> <span class='ocrx_word' id='word_1_147' title='bbox 464 3739 604 3806; x_wconf 90' lang='lat' dir='ltr'><strong>recidere</strong></span> <span class='ocrx_word' id='word_1_148' title='bbox 626 3761 689 3804; x_wconf 93' lang='lat' dir='ltr'><strong>non</strong></span> <span class='ocrx_word' id='word_1_149' title='bbox 713 3740 855 3827; x_wconf 90' lang='lat' dir='ltr'><strong>potuisse</strong></span> <span class='ocrx_word' id='word_1_150' title='bbox 877 3739 918 3804; x_wconf 86' lang='lat' dir='ltr'><strong>ad</strong></span> <span class='ocrx_word' id='word_1_151' title='bbox 940 3748 1092 3806; x_wconf 86' lang='lat' dir='ltr'><strong>sexcenta</strong></span> <span class='ocrx_word' id='word_1_152' title='bbox 1114 3743 1216 3807; x_wconf 90' lang='lat' dir='ltr'><strong>milia.</strong></span> 
     </span>
    </p>

    <p class='ocr_par' dir='ltr' id='par_1_12' title="bbox 155 3851 1280 4454">
     <span class='ocr_line' id='line_1_24' title="bbox 198 3851 1276 3954; baseline 0.001 -21"><span class='ocrx_word' id='word_1_153' title='bbox 198 3851 334 3934; x_wconf 84' lang='lat' dir='ltr'><strong>Accedit</strong></span> <span class='ocrx_word' id='word_1_154' title='bbox 357 3867 451 3954; x_wconf 86' lang='lat' dir='ltr'><strong>quod,</strong></span> <span class='ocrx_word' id='word_1_155' title='bbox 476 3867 603 3932; x_wconf 90' lang='lat' dir='ltr'><strong>etiamsi</strong></span> <span class='ocrx_word' id='word_1_156' title='bbox 626 3864 690 3929; x_wconf 91' lang='lat' dir='ltr'><strong>Dio</strong></span> <span class='ocrx_word' id='word_1_157' title='bbox 714 3863 845 3930; x_wconf 80' lang='lat' dir='ltr'><strong>(lessius</strong></span> <span class='ocrx_word' id='word_1_158' title='bbox 863 3865 947 3930; x_wconf 94' lang='lat' dir='ltr'><strong>nihil</strong></span> <span class='ocrx_word' id='word_1_159' title='bbox 966 3866 1006 3932; x_wconf 94' lang='lat' dir='ltr'><strong>de</strong></span> <span class='ocrx_word' id='word_1_160' title='bbox 1025 3869 1177 3953; x_wconf 88' lang='lat' dir='ltr'><strong>praemiis</strong></span> <span class='ocrx_word' id='word_1_161' title='bbox 1190 3876 1276 3934; x_wconf 88' lang='lat' dir='ltr'><strong>vete·</strong></span> 
     </span>
     <span class='ocr_line' id='line_1_25' title="bbox 155 3991 1276 4072; baseline 0.001 -17"><span class='ocrx_word' id='word_1_162' title='bbox 155 4014 305 4058; x_wconf 87' lang='lat' dir='ltr'><strong>ranorum</strong></span> <span class='ocrx_word' id='word_1_163' title='bbox 346 3991 539 4072; x_wconf 86' lang='lat' dir='ltr'><strong>tradidisset,</strong></span> <span class='ocrx_word' id='word_1_164' title='bbox 582 4009 707 4054; x_wconf 89' lang='lat' dir='ltr'><strong>summa</strong></span> <span class='ocrx_word' id='word_1_165' title='bbox 750 3994 853 4054; x_wconf 84' lang='lat' dir='ltr'><strong>tamen</strong></span> <span class='ocrx_word' id='word_1_166' title='bbox 888 3998 1112 4057; x_wconf 83' lang='lat' dir='ltr'><strong>sexcentorum</strong></span> <span class='ocrx_word' id='word_1_167' title='bbox 1148 3993 1276 4056; x_wconf 92' lang='lat' dir='ltr'><strong>milium</strong></span> 
     </span>
     <span class='ocr_line' id='line_1_26' title="bbox 156 4113 1280 4205; baseline 0 -23"><span class='ocrx_word' id='word_1_168' title='bbox 156 4121 258 4205; x_wconf 89' lang='lat' dir='ltr'><strong>major</strong></span> <span class='ocrx_word' id='word_1_169' title='bbox 280 4125 365 4183; x_wconf 91' lang='lat' dir='ltr'><strong>esset</strong></span> <span class='ocrx_word' id='word_1_170' title='bbox 388 4138 484 4204; x_wconf 85' lang='lat' dir='ltr'><strong>quam</strong></span> <span class='ocrx_word' id='word_1_171' title='bbox 509 4135 591 4201; x_wconf 89' lang='lat' dir='ltr'><strong>quae</strong></span> <span class='ocrx_word' id='word_1_172' title='bbox 613 4113 776 4179; x_wconf 86' lang='lat' dir='ltr'><strong>credibilis</strong></span> <span class='ocrx_word' id='word_1_173' title='bbox 796 4113 969 4179; x_wconf 88' lang='lat' dir='ltr'><strong>videretur.</strong></span> <span class='ocrx_word' id='word_1_174' title='bbox 990 4114 1113 4181; x_wconf 81' lang='lat' dir='ltr'><strong>Oeneus</strong></span> <span class='ocrx_word' id='word_1_175' title='bbox 1132 4126 1280 4204; x_wconf 85' lang='lat' dir='ltr'><strong>equester</strong></span> 
     </span>
     <span class='ocr_line' id='line_1_27' title="bbox 156 4239 1278 4324; baseline -0.002 -14"><span class='ocrx_word' id='word_1_176' title='bbox 156 4247 241 4310; x_wconf 90' lang='lat' dir='ltr'><strong>enim</strong></span> <span class='ocrx_word' id='word_1_177' title='bbox 275 4250 345 4311; x_wconf 88' lang='lat' dir='ltr'><strong>erat</strong></span> <span class='ocrx_word' id='word_1_178' title='bbox 376 4243 519 4324; x_wconf 87' lang='lat'>400‚000</span> <span class='ocrx_word' id='word_1_179' title='bbox 547 4239 775 4305; x_wconf 87' lang='lat' dir='ltr'><strong>sestertiorum.</strong></span> <span class='ocrx_word' id='word_1_180' title='bbox 802 4239 882 4315; x_wconf 83' lang='lat' dir='ltr'><strong>Quis</strong></span> <span class='ocrx_word' id='word_1_181' title='bbox 905 4247 1014 4306; x_wconf 89' lang='lat' dir='ltr'><strong>autem</strong></span> <span class='ocrx_word' id='word_1_182' title='bbox 1038 4241 1145 4307; x_wconf 89' lang='lat' dir='ltr'><strong>eredat</strong></span> <span class='ocrx_word' id='word_1_183' title='bbox 1168 4265 1278 4310; x_wconf 91' lang='lat' dir='ltr'><strong>omnes</strong></span> 
     </span>
     <span class='ocr_line' id='line_1_28' title="bbox 156 4363 1279 4454; baseline -0.003 -18"><span class='ocrx_word' id='word_1_184' title='bbox 156 4377 322 4436; x_wconf 83' lang='lat' dir='ltr'><strong>veteranos</strong></span> <span class='ocrx_word' id='word_1_185' title='bbox 345 4368 525 4454; x_wconf 90' lang='lat' dir='ltr'><strong>promiscue</strong></span> <span class='ocrx_word' id='word_1_186' title='bbox 548 4365 588 4429; x_wconf 88' lang='lat' dir='ltr'><strong>ad</strong></span> <span class='ocrx_word' id='word_1_187' title='bbox 611 4363 753 4430; x_wconf 91' lang='lat' dir='ltr'><strong>ordinem</strong></span> <span class='ocrx_word' id='word_1_188' title='bbox 778 4370 959 4449; x_wconf 89' lang='lat' dir='ltr'><strong>equestrem</strong></span> <span class='ocrx_word' id='word_1_189' title='bbox 978 4366 1079 4431; x_wconf 89' lang='lat' dir='ltr'><strong>fuisse</strong></span> <span class='ocrx_word' id='word_1_190' title='bbox 1090 4371 1279 4453; x_wconf 77' lang='lat' dir='ltr'><strong>provectos?</strong></span> 
     </span>
    </p>
   </div>
   <div class='ocr_carea' id='block_1_9' title="bbox 0 0 1648 5275">
    <p class='ocr_par' dir='ltr' id='par_1_13' title="bbox 0 0 1648 5275">
     <span class='ocr_line' id='line_1_29' title="bbox 0 0 1648 5275; baseline 0 0"><span class='ocrx_word' id='word_1_191' title='bbox 0 0 1648 5275; x_wconf 95' lang='lat' dir='ltr'><strong> </strong></span> 
     </span>
    </p>
   </div>
  </div>
 </body>
</html>
