3259 5275
748 608 767 671 9

189 817 272 881 viris
314 838 382 881 csse
415 815 581 879 laudatum
616 822 648 880 et
683 816 893 902 scriptoribus
928 823 964 879 ut
999 815 1165 900 exemplar
1200 836 1314 901 propc-

188 942 302 1005 situm.

238 1066 410 1132 Praeterea
446 1089 489 1132 ex
525 1067 566 1130 iis
591 1087 673 1152 quae
697 1067 865 1153 hucusque
888 1066 959 1129 dixi
983 1073 1117 1153 apparet
1139 1066 1322 1151 Tranquilli

191 1194 313 1279 scripta
342 1215 424 1279 quae
451 1199 625 1279 supersunt
648 1194 797 1257 omnibus
824 1193 874 1275 iis,
901 1194 957 1278 qui
982 1193 1052 1258 sive
1075 1192 1228 1258 historiae
1251 1193 1320 1256 sive

192 1319 441 1403 antiquitatibus
476 1340 555 1405 quas
590 1318 728 1382 dicimus
764 1317 902 1398 student,
938 1318 1076 1382 maximi
1111 1340 1180 1383 esse
1212 1318 1318 1403 pretii.

193 1446 283 1509 Fieri
319 1446 405 1508 enim
438 1466 499 1510 non
531 1451 634 1531 potest
656 1445 735 1530 quin
761 1445 811 1507 vir
835 1465 941 1509 rerum
965 1444 1166 1529 publicarum
1192 1444 1319 1529 peritis·

193 1572 306 1653 simus,
337 1592 412 1635 cum
443 1571 583 1636 desitis
608 1569 782 1636 Caesarum
804 1570 967 1646 scriberet,
993 1570 1111 1655 passim
1136 1576 1168 1633 et
1191 1569 1230 1634 de
1253 1568 1319 1632 his-

193 1698 277 1763 toria
310 1705 342 1763 et
377 1698 416 1763 de
446 1699 573 1784 legibus
604 1698 827 1783 institutisque
851 1697 879 1760 si
903 1717 966 1761 non
989 1696 1095 1781 capita
1118 1695 1263 1760 absoluta
1286 1700 1320 1757 at

194 1830 280 1888 certe
302 1830 391 1887 notas
416 1824 662 1909 pretiosissimas
685 1822 833 1887 traderet.
859 1821 952 1903 Quod
976 1822 1097 1907 legenti
1116 1822 1234 1907 cuique
1249 1823 1318 1907 jam

194 1970 214 2013 a
238 1951 343 2035 prima
366 1951 484 2037 pagina
508 1950 639 2035 patebit.

242 2074 326 2138 Mihi
359 2081 477 2157 autem,
513 2097 587 2139 cum
622 2076 656 2137 in
691 2075 920 2160 antiquitatum
956 2073 1062 2138 studio
1096 2069 1245 2137 continue
1282 2072 1321 2135 ad

196 2200 343 2265 Suetonii
379 2222 474 2287 opera
509 2201 713 2286 confugerem
749 2240 790 2245 —
824 2201 858 2264 in
889 2199 998 2264 schola
1030 2200 1116 2265 enim
1141 2198 1325 2283 frequenter

195 2325 236 2389 ad
270 2326 490 2389 testimonium
523 2326 704 2408 vocabatur,
731 2364 769 2369 —
798 2325 902 2411 primo
925 2324 1096 2388 consilium
1121 2328 1249 2408 captum
1275 2328 1324 2386 est

196 2458 233 2515 ut
268 2451 307 2516 de
341 2452 505 2515 nonnullis
540 2451 617 2515 locis
648 2450 899 2536 disputationem
931 2449 1075 2514 criticam
1107 2448 1322 2512 instituerem.

196 2576 298 2664 Saepe
328 2578 415 2642 enim
438 2576 610 2642 editionem
635 2575 839 2657 Rothianam,
865 2596 947 2662 quae
976 2573 1210 2639 Memmienum
1235 2593 1322 2658 prae-

201 2705 296 2790 cipue
318 2704 458 2769 codicem
483 2705 638 2790 sequitur,
661 2725 734 2767 cum
755 2703 992 2788 antiquioribus
1004 2701 1215 2767 conferebam.
1229 2699 1323 2765 Com·

196 2851 311 2915 parans
347 2851 421 2894 vero
457 2831 561 2895 varias
596 2830 746 2894 lectiones
779 2828 923 2911 Graevii,
948 2828 1105 2894 Gronorii
1129 2836 1161 2894 et
1184 2829 1321 2892 aliorum

201 2953 378 3040 vidensque
419 2954 497 3040 quid
539 2954 682 3040 Lipsius,
726 2952 934 3019 Oasaubonus
979 2960 1011 3020 et
1044 2955 1108 3018 alia
1142 2955 1321 3019 litterarum

196 3081 321 3143 lumina
347 3080 399 3144 vel
422 3101 464 3144 cx
488 3081 714 3166 manuscriptis
739 3081 954 3146 restituissent
977 3080 1030 3144 vel
1053 3080 1225 3166 prudenter
1249 3101 1321 3143 con·

192 3205 355 3290 jecissent,
386 3225 450 3268 non
477 3205 697 3290 importunum
721 3206 803 3270 duxi
827 3205 867 3270 de
890 3208 968 3270 locis
992 3207 1155 3270 nonnullis
1178 3204 1322 3290 disputa-

197 3333 317 3396 tionem
361 3332 518 3416 integram
561 3331 698 3396 institui.
738 3330 878 3396 Rothius
914 3332 999 3395 enim
1036 3330 1118 3399 mihi
1155 3329 1322 3393 videbatur

197 3458 298 3522 codici
322 3458 518 3522 Memmiana
541 3459 680 3522 nimium
701 3457 838 3522 confisus
850 3458 987 3522 aliorum
1000 3457 1220 3522 auctoritatem
1233 3455 1318 3518 iusto

200 3585 331 3649 minoris
354 3584 516 3650 habuisse.

243 3708 350 3782 Quare
372 3731 445 3773 eum
465 3711 535 3795 jam
559 3710 592 3772 in
617 3731 654 3773 eo
677 3716 760 3774 esset
783 3716 820 3773 ut
842 3709 883 3772 ad
908 3709 1087 3773 studiorum
1112 3709 1210 3773 finem
1233 3729 1319 3772 acce-

199 3835 276 3899 dens
311 3835 472 3920 specimen
496 3833 625 3920 aliquod
650 3835 841 3919 inaugurale
864 3855 1085 3920 componerem
1110 3834 1148 3897 ad
1175 3831 1322 3897 Suetoni-

201 3983 254 4025 um
289 3961 433 4025 animum
458 3960 589 4024 attendi.
615 3958 790 4047 Sperabam
805 3983 856 4026 me
868 3967 1069 4025 ostensurum
1083 3960 1230 4046 pluribus
1244 3959 1321 4023 locis

200 4088 366 4152 lectionem
402 4088 437 4150 in
467 4086 628 4172 prioribus
652 4085 848 4151 editionibus
873 4093 1031 4171 receptam
1053 4085 1232 4150 Rothianae
1253 4106 1322 4150 esse

202 4212 451 4299 praeferendam.
476 4211 654 4293 Interdum,
679 4212 740 4276 etsi
767 4211 992 4296 „conjecturali
1016 4211 1078 4274 arti
1099 4211 1261 4275 rarissime
1275 4212 1323 4274 in-

202 4339 320 4421 dulsi'',
356 4339 425 4403 sire
458 4338 498 4401 ad
534 4337 762 4423 explicandum
797 4338 866 4403 sive
897 4337 935 4400 ad
969 4337 1050 4399 hanc
1074 4336 1126 4400 vel
1149 4336 1239 4398 illam
1262 4338 1324 4401 leo·
