3259 5275
857 581 897 643 58

355 791 475 857 Omnes
510 793 606 857 etiam
642 792 745 857 eritiei
781 792 814 855 in
846 790 1042 856 emendando
1076 788 1134 853 hoo
1157 793 1293 873 egerunt
1315 793 1351 851 ut
1373 786 1438 851 duo

311 918 368 983 illa
392 917 591 983 ineommoda
616 918 773 984 tollerent.

354 1042 514 1107 Graevius
560 1066 588 1110 v.
603 1066 629 1109 e.
674 1064 783 1108 voeem
832 1043 981 1130 „pueris”
1018 1039 1267 1128 expungendam
1302 1040 1436 1104 oensuit.

311 1167 424 1233 Restat
445 1174 552 1233 tamen
580 1170 667 1249 „sine
691 1168 787 1233 anulo
810 1168 933 1232 laevis’'
959 1206 999 1215 -
1025 1167 1077 1230 vel
1097 1166 1211 1231 laeviis
1225 1166 1275 1231 vel
1288 1166 1368 1230 velis
1384 1187 1436 1244 -3

310 1314 415 1380 neque
440 1293 521 1357 mihi
544 1294 735 1381 persuadere
759 1316 889 1381 possum
913 1294 1092 1359 ablativum
1116 1293 1299 1358 absolutum
1317 1292 1437 1373 „laevis

311 1420 381 1485 sine
403 1421 520 1486 anulo''
543 1420 654 1485 Latini
676 1422 832 1486 sermonis
854 1442 932 1487 esse.

355 1546 601 1632 Oudendorpius
636 1548 657 1610 i.
671 1568 698 1613 a.
735 1547 918 1633 proposuit:
943 1546 1034 1632 puris
1057 1551 1089 1609 et
1112 1546 1181 1609 sine
1203 1545 1300 1609 anulo
1323 1544 1435 1609 laeuis.

310 1672 350 1735 In
373 1693 438 1759 qua
460 1672 596 1737 leetione
623 1674 731 1758 „puris
754 1673 876 1737 laevis''
897 1678 946 1737 est
963 1670 1232 1757 intellegendum:
1253 1670 1354 1736 laevis
1365 1670 1436 1733 sine

310 1807 494 1865 ornamento
519 1800 570 1865 vel
592 1800 661 1863 sine
684 1799 779 1863 anulo
802 1820 909 1880 aureo,
934 1805 965 1863 et
988 1796 1214 1863 eonferendum
1236 1817 1308 1861 oum
1337 1815 1437 1881 „pura

312 1922 434 2004 hasta”‚
458 1944 540 2011 quae
564 1933 611 1989 est
633 1923 724 1989 hasta
748 1925 818 1989 sine
841 1924 973 2010 cuspide
996 1924 1108 1988 ferrea.
1134 1922 1311 1987 Nedioam
1326 1942 1434 1987 roeem

314 2051 444 2136 „puris”
467 2052 514 2115 sio
536 2057 697 2138 aooeptam
722 2051 852 2114 omnino
875 2070 1109 2136 supervacuam
1132 2070 1212 2132 esse,
1236 2048 1436 2135 quiaverbis

314 2178 402 2258 „sine
435 2177 551 2242 anulo’'
587 2177 671 2242 idern
706 2198 818 2241 sensus
850 2176 1057 2263 exprimitur,
1080 2175 1209 2240 insolita
1231 2175 1329 2239 nimis
1352 2175 1436 2238 mibi

310 2304 491 2389 eonjunotio
526 2304 694 2368 uerborum
735 2303 908 2388 „puris...
944 2302 1066 2367 laevis’'
1099 2302 1154 2366 illo
1177 2323 1272 2366 sensu
1297 2300 1435 2367 videtur.

356 2427 469 2493 Altera
492 2428 586 2491 lectio
608 2427 649 2491 ab
672 2426 783 2491 eodem
805 2425 1026 2491 sommendata
1048 2433 1112 2491 est:
1141 2428 1250 2513 „puris
1273 2427 1374 2491 laenis
1396 2447 1435 2491 ao

308 2554 378 2619 sine
412 2554 540 2636 anulo'',
576 2554 627 2617 eui
664 2552 812 2639 equidem
850 2553 988 2617 libenter
1011 2554 1223 2640 aequiescam.
1247 2551 1323 2617 Vox
1347 2553 1434 2617 enim

307 2683 417 2745 laenae
451 2701 550 2767 purae
575 2680 675 2743 multo
710 2681 813 2766 magis
849 2679 909 2744 hoo
943 2681 1010 2745 loeo
1042 2681 1219 2766 requiritur
1241 2701 1338 2768 quam
1363 2680 1435 2744 vela

307 2806 358 2871 vel
394 2807 503 2871 laevae
538 2804 589 2869 vel
624 2804 792 2891 quidlibet.
829 2803 964 2890 Equites
999 2812 1031 2870 et
1064 2812 1224 2870 senatores
1259 2806 1308 2870 illi
1332 2805 1435 2891 igitur

307 2955 369 2997 non
404 2933 557 3018 gerebant
592 2930 724 2995 anulum
759 2952 894 2996 aureum
929 2940 961 2996 et
985 2931 1090 2995 induti
1114 2937 1204 2996 erant
1226 2932 1317 2995 laena
1342 2952 1433 3017 pura,

211 3079 219 3097 ·
306 3081 389 3145 quae
422 3081 465 3123 se.
500 3058 627 3123 oarebat
661 3058 782 3143 insigni
814 3057 991 3142 dignitatis.
1026 3055 1072 3121 Ut
1102 3064 1176 3142 toga
1198 3056 1317 3122 dieitur
1341 3079 1432 3144 pura,

307 3207 389 3272 quae
412 3206 474 3249 non
498 3191 546 3249 est
570 3192 745 3270 praetexta,
769 3185 815 3248 sio
836 3184 933 3248 etiam
945 3184 1055 3248 laeuae
1067 3185 1094 3247 si
1107 3185 1302 3248 ornamentis
1313 3191 1431 3249 oarent.

349 3310 528 3375 Infelioiter
549 3319 658 3374 autem
681 3311 855 3395 conjecisse
880 3309 1007 3375 videtur
1030 3309 1113 3373 mibi
1136 3309 1284 3392 Rothius,
1308 3311 1366 3396 qui
1390 3310 1431 3376 ab

307 3436 532 3522 Oudendorpio
567 3457 679 3522 parum
716 3435 865 3501 recedens
900 3436 1082 3522 proposuit:
1107 3437 1279 3522 purpureis
1302 3457 1339 3500 ao
1361 3437 1431 3501 sine

305 3564 402 3628 anulo
425 3564 535 3628 laeuis.
561 3562 706 3628 sienim
731 3563 818 3647 legas
846 3563 997 3645 „laenis'’‚
1024 3584 1114 3627 voees
1141 3584 1197 3643 „ao
1219 3564 1288 3627 sine
1311 3563 1430 3627 anulo''

306 3713 368 3755 non
392 3690 475 3755 inter
502 3689 713 3775 „purpureis”
738 3695 770 3752 et
793 3688 933 3774 „laenis”
947 3695 1023 3753 sunt
1034 3688 1208 3774 ponendae,
1221 3689 1298 3774 quia
1310 3709 1429 3774 nequa-

305 3838 403 3903 quarn
427 3815 466 3880 ad
492 3817 598 3881 laenas
622 3815 733 3880 referri
758 3820 900 3899 possunt.
924 3814 1050 3880 Deinde
1074 3836 1136 3879 non
1160 3815 1337 3880 verisimile
1361 3837 1430 3880 esse

305 3942 398 4006 oredo
425 3963 601 4028 purpureas
625 3941 725 4006 fuisse
749 3941 865 4023 laenas,
890 3942 1041 4027 quoniam
1065 3949 1225 4007 senatores
1248 3949 1281 4007 et
1303 3943 1429 4027 equites

304 4069 439 4132 anulum
462 4089 595 4133 aureum
621 4089 683 4132 non
706 4068 869 4153 gerebant.

351 4193 428 4259 Ideo
461 4196 674 4280 conjecturam
707 4193 937 4281 Oudendorpii‚
968 4215 1051 4280 quae
1073 4194 1138 4258 levi
1163 4195 1333 4259 verborum
1357 4216 1428 4258 mu·

306 4321 424 4385 tatione
459 4327 490 4385 et
524 4320 769 4406 transpositione
793 4320 997 4406 aptissimum
1021 4341 1149 4385 sensum
1171 4321 1311 4407 praebet,
1336 4319 1428 4387 ualde
