3259 5275
888 557 929 617 48

386 768 456 832 Aut
478 768 594 833 Latine
618 767 754 832 dieitur:
778 789 812 833 se
836 788 931 853 agere
958 789 1014 854 pro
1039 768 1184 854 prinoipe
1207 774 1266 834 eto.
1291 768 1380 833 utin
1401 768 1471 833 vita

344 891 473 957 Claudii
508 915 534 959 e.
569 893 610 957 25
646 892 859 975 „Libertinos
892 893 948 978 qui
982 915 1016 957 se
1048 914 1105 979 pro
1130 893 1295 979 equitibus
1318 892 1475 957 Romanis

347 988 515 1101 agerent?
1235 1019 1238 1024 '

267 1192 268 1197 η
389 1144 427 1208 Id
459 1146 527 1231 jam
563 1146 663 1209 multa
697 1146 824 1210 saecula
858 1144 976 1210 abhinc
1006 1167 1025 1210 a
1059 1144 1199 1213 Graerio
1223 1153 1255 1211 et
1278 1146 1352 1209 aliis
1375 1144 1478 1209 doetis

345 1271 424 1335 viris
447 1272 651 1336 observatum
675 1276 707 1335 et
730 1270 916 1335 adnotatum
941 1264 1018 1338 erat.
1043 1272 1167 1339 Lexioa
1191 1294 1320 1359 quoque
1341 1271 1380 1335 ad
1405 1292 1478 1336 eam

344 1397 511 1461 lectionem
536 1396 766 1462 defendendam
791 1398 916 1483 copiam
942 1405 1203 1484 argumentorum
1230 1399 1426 1465 ministrant.

390 1522 524 1587 Locutio
548 1523 626 1589 haee
650 1524 701 1588 vel
725 1524 889 1589 translatio
912 1531 961 1591 est
983 1524 1152 1611 desumpta
1176 1547 1218 1591 ex
1241 1531 1309 1589 arte
1332 1526 1479 1608 seeniea3

347 1654 383 1711 ut
417 1654 502 1712 autor
538 1649 726 1734 prinoipem,
762 1670 891 1713 servum
927 1671 1022 1735 agere
1057 1649 1185 1733 dieitur,
1217 1652 1262 1715 sio
1297 1650 1481 1737 Imperator

348 1772 503 1838 Olaudius
526 1774 645 1841 dieitur
668 1796 730 1840 non
755 1776 933 1862 prinoipem
957 1775 1012 1841 sed
1038 1776 1223 1841 ministrum
1248 1776 1362 1862 egisse.

390 1898 522 1965 Oollatis
554 1902 655 1987 igitur
685 1901 758 1965 aliis
790 1900 974 1988 Tranquilli
997 1902 1074 1967 loeis
1098 1909 1130 1967 et
1153 1904 1277 1988 origine
1300 1902 1475 1967 locutionis

347 2032 513 2111 perspecta
547 2047 610 2090 non
645 2025 757 2117 dubito
789 2028 868 2113 quin
901 2026 1004 2093 deleto
1030 2029 1104 2109 „se”
1129 2027 1300 2113 legendum
1326 2028 1384 2091 sit:
1408 2048 1473 2091 non

347 2152 524 2237 prinoipem
560 2151 614 2216 sed
650 2150 833 2216 ministrum
871 2153 947 2237 egit.
982 2153 1130 2219 Fortasse
1148 2153 1285 2240 syllaba
1320 2153 1393 2235 „se”
1421 2175 1480 2239 per

349 2275 600 2363 dittographiam
624 2278 756 2344 voculae
783 2278 879 2360 „sod”
904 2285 953 2343 est
977 2286 1055 2345 orta.

533 2526 566 2594 Ο.
592 2529 645 2593 30.
672 2528 855 2593 Auctoritas
878 2528 1073 2613 dignitasque
1095 2530 1218 2611 formae
1236 2549 1301 2592 uon
1320 2529 1482 2613 defuitvel

574 2659 676 2720 stanti
698 2657 744 2721 uel
767 2659 886 2721 sedeuta'
909 2679 947 2720 ae
966 2658 1134 2736 praecipue
1156 2658 1333 2738 quiescenti.

397 2855 442 2919 Ut
477 2856 536 2921 hoe
571 2856 638 2921 looo
668 2877 688 2919 a
718 2854 837 2921 Rothio
868 2856 1018 2921 astariseo
1048 2857 1182 2942 signato,
1207 2876 1305 2941 quam
1332 2853 1481 2941 proxime

299 3013 301 3020 .
353 3002 452 3045 mssos
480 2987 659 3067 sequentes,
683 2982 854 3047 lectionem
886 3002 969 3067 quae
999 2982 1142 3045 maxime
1165 2986 1239 3066 apta
1263 2985 1311 3046 est
1335 2979 1481 3063 invenia-

353 3127 424 3171 mus
459 3108 538 3172 utile
573 3107 655 3171 duxi
688 3108 786 3173 variis
818 3108 1008 3173 lectionibus
1040 3109 1123 3172 inter
1145 3129 1179 3172 se
1203 3107 1326 3171 oollatis
1350 3111 1477 3170 senten·

324 3263 328 3271 ·
354 3235 433 3298 tiam
458 3235 558 3300 ferre:

354 3407 416 3451 nou
439 3386 543 3452 defuit
566 3387 618 3452 vel
641 3387 737 3450 stanti
762 3387 814 3450 vel
837 3385 968 3452 sedenti.
994 3385 1068 3449 Par.
1095 3386 1191 3467 6116,
1218 3383 1302 3450 Med.
1330 3387 1346 3446 1
1372 3389 1404 3448 et
1426 3385 1458 3450 2.

351 3533 412 3576 non
437 3511 542 3577 defuit
564 3514 660 3576 stanti
681 3513 732 3577 vel
752 3511 885 3578 sedenti.
907 3510 1046 3578 Vindob.
1068 3512 1098 3577 2.
1121 3509 1234 3596 (iopes,
1256 3508 1397 3589 Oartian,
1419 3515 1479 3574 eto.

351 3658 414 3701 non
438 3637 542 3702 defuit
565 3644 597 3702 et
620 3639 721 3702 veteri
746 3636 798 3702 vel
822 3636 920 3700 stanti
944 3636 997 3700 vel
1016 3635 1149 3702 sedenti.
1169 3634 1309 3702 vindob,
1331 3635 1359 3720 Ι,
1380 3634 1480 3700 Basil.

352 3785 414 3827 non
437 3762 541 3826 defuit
560 3768 701 3826 osterum
725 3762 823 3825 stanti
847 3762 898 3825 vel
920 3761 1053 3827 sedenti.
1079 3760 1159 3828 idne.
1184 3759 1257 3845 Ouj.

354 3910 414 3953 non
439 3888 542 3952 defuit
562 3894 593 3953 et
613 3894 756 3952 veterum
779 3888 832 3952 vel
852 3887 951 3953 stanti
973 3888 1025 3952 vel
1044 3886 1177 3953 sedenti.
1202 3886 1335 3969 Mamm,
1348 3885 1433 3951 Med.
1448 3886 1479 3950 3.

401 4039 527 4114 Quibus
563 4039 755 4105 lectionibus
786 4040 871 4104 inter
901 4061 935 4103 se
966 4039 1089 4103 eollatis
1118 4006 1284 4103 rideamus
1308 4036 1386 4123 quid
1409 4057 1480 4122 sen·

356 4167 457 4234 tentia
482 4167 634 4252 requirat.

404 4292 515 4356 Primo
545 4314 641 4378 aegre
672 4290 889 4356 desideramus
914 4310 1085 4375 pronomen
1110 4286 1239 4374 aliquod
1263 4309 1327 4373 quo
1351 4284 1480 4350 Olaudii
