3259 5275
881 587 922 648 70

323 818 416 864 ros..
431 848 460 864 ..
497 796 588 861 Haeo
622 796 733 862 saltam
767 798 925 862 sententia
948 798 983 861 in
1006 804 1192 864 contextum
1214 797 1359 884 quadrat.
1387 797 1455 873 Qui

324 924 410 988 onim
446 924 593 1009 proxime
627 930 873 989 enumerantur:
906 923 1014 989 Aulus
1039 923 1199 1007 Plautius,
1223 923 1340 988 Rufius
1365 922 1454 989 Oris·

296 1048 421 1135 pinus
455 1056 486 1115 et
522 1048 647 1115 Tuscus
678 1071 787 1115 omnes
810 1050 921 1116 eodem
945 1071 1009 1137 quo
1034 1050 1177 1115 Antonia
1199 1050 1335 1116 erimine
1358 1071 1453 1115 aeau-

324 1176 386 1239 sati
410 1181 443 1241 et
464 1175 608 1241 damnati
631 1183 716 1243 sunt.

497 1410 532 1476 0.
556 1410 609 1474 45.
633 1412 728 1476 Naue
740 1413 862 1477 mum
874 1432 974 1494 werse
986 1434 1050 1477 esse
1060 1421 1088 1477 et
1100 1413 1238 1486 truderet
1249 1414 1375 1479 tandm
1386 1464 1393 1480 .
1404 1465 1411 1480 .
1422 1464 1430 1479 .
1442 1464 1450 1480 .

369 1606 445 1675 God.
471 1606 687 1673 Memmianus
709 1608 807 1673 habet
833 1616 884 1689 „et
907 1609 1032 1676 raderet
1051 1610 1213 1694 tandem”,
1235 1633 1331 1698 quom
1344 1617 1455 1676 eontra
1502 1662 1509 1673 .
1628 1573 1629 1650 l

324 1732 482 1798 Rothium
513 1733 713 1819 sequendum
743 1756 812 1799 esse
843 1741 930 1821 puto.
956 1733 1068 1800 Girrus
1091 1737 1258 1823 appositus
1281 1742 1330 1801 est
1353 1736 1453 1823 capiti

323 1863 361 1922 ut
391 1857 546 1923 illudatur
577 1857 709 1941 Neroni,
734 1860 791 1945 qui
814 1881 937 1924 oomam
962 1860 995 1924 in
1019 1862 1138 1947 gradus
1161 1863 1331 1928 formatam
1354 1862 1453 1928 habe·

322 1983 387 2066 bat,
411 1984 464 2049 vel
487 1989 524 2048 ut
546 1983 763 2050 Ruhnksnius
787 1985 843 2068 ait,
872 1987 1011 2067 „cirrum
1034 1987 1173 2053 Neronis
1195 1994 1319 2054 statuae
1341 1988 1454 2054 irrisor

191 2106 193 2108 ’
323 2109 484 2196 apposuit,
513 2116 550 2175 ut
582 2110 611 2175 ei
637 2111 845 2197 exprobraret
867 2112 1043 2178 citharoedi
1067 2121 1098 2179 et
1120 2114 1264 2179 simulati
1288 2114 1452 2202 Apollinis

323 2234 478 2302 oultum”.
514 2235 546 2299 N
549 2258 611 2301 une
634 2237 764 2302 demum
788 2260 863 2304 vere
886 2260 968 2324 agon
991 2246 1048 2323 est,
1073 2262 1135 2305 non
1159 2263 1233 2308 eum
1258 2243 1450 2308 aitharoedis

324 2358 378 2424 sad
401 2381 475 2423 eum
499 2331 654 2445 Vindio-05
679 2361 816 2449 deponat
839 2385 915 2449 ergo
939 2362 972 2426 N
973 2386 1027 2429 ero
1049 2365 1186 2452 ineptias
1209 2367 1296 2431 istas.

367 2484 454 2560 Quid
486 2487 663 2569 „traderet”
687 2489 847 2575 signifieat
864 2512 934 2556 *non
958 2491 1061 2558 video.
1087 2490 1150 2557 Oui
1172 2493 1301 2559 tandem
1325 2494 1450 2561 tradere

319 2611 496 2697 jubebatur
518 2614 638 2678 oirrum
663 2615 780 2681 illum?
814 2615 1020 2701 „Traharst’',
1044 2618 1129 2704 quod
1154 2619 1188 2682 in
1212 2621 1375 2712 nonnullis
1399 2643 1451 2687 eo·
1519 2601 1522 2606 ‚

321 2738 448 2804 dioibus
468 2740 629 2826 reperitur
647 2743 750 2827 magis
773 2744 870 2839 stiam
893 2744 1187 2831 interpretationem
1200 2744 1324 2831 effugit.
1338 2745 1451 2811 Solum

326 2864 491 2949 „raderet”
516 2872 671 2952 superest,
696 2867 780 2954 quod
803 2890 899 2934 sensu
923 2869 1075 2935 tondendi
1098 2870 1283 2957 frequenter
1302 2874 1451 2940 ooourrit.

323 2991 430 3067 Quare
462 2992 598 3057 miratus
629 3014 702 3057 sum
725 2993 810 3079 qnod
835 2993 1083 3082 Oudendorpius
1106 2996 1250 3083 scripsit:
1274 3019 1338 3063 non
1362 2999 1452 3063 enim

322 3117 392 3181 radi
425 3118 512 3200 oirri,
547 3117 602 3182 sed
626 3117 760 3202 tonderi,
797 3118 883 3182 trahi
916 3120 968 3184 vel
1003 3119 1087 3184 tradi
1118 3128 1259 3207 possunt.
1283 3121 1347 3186 cfr.
1372 3141 1450 3210 ug.

322 3243 416 3311 Mart.
447 3246 486 3310 L.
520 3247 550 3326 6,
582 3245 643 3332 Ep.
675 3246 736 3309 57:
769 3246 845 3311 4et
868 3244 957 3311 Suet.
983 3245 1049 3312 Gal.
1076 3248 1097 3311 5
1124 3249 1271 3333 „regulos
1294 3249 1451 3336 quosdam

322 3371 454 3436 barbam
497 3373 642 3458 posuisse
681 3378 713 3437 et
752 3392 892 3436 uxorum
929 3373 1034 3459 capita
1068 3375 1183 3439 rasisse
1216 3375 1257 3438 ad
1291 3375 1451 3440 indioium

324 3497 462 3561 maximi
486 3497 624 3563 luetus’'.

367 3621 434 3688 Gur
464 3623 566 3708 igitur
592 3623 669 3687 eirri
690 3645 753 3688 non
777 3623 901 3710 possint
923 3623 993 3687 radi
1015 3646 1079 3690 non
1103 3625 1197 3691 video
1221 3626 1450 3711 allegandum

322 3770 451 3814 oensoo:
476 3770 560 3814 nuno
583 3748 713 3814 demum
737 3769 840 3834 agona
863 3770 933 3814 esse
956 3755 989 3815 et
1010 3749 1135 3816 raderet
1156 3750 1294 3817 tandem.

475 3987 476 3992 ’
504 3985 538 4050 0.
561 3985 614 4051 48.
640 3982 732 4070 Dein,
755 3986 874 4050 divolsa
895 3988 1034 4052 sentibus
1047 3989 1198 4072 pumalu,
1218 3991 1358 4071 trajectos
1376 4010 1450 4052 sur-

545 4111 630 4176 culos
652 4113 741 4175 rasit.

367 4320 560 4386 Aooedimus
585 4322 625 4386 ad
648 4322 765 4406 losum,
790 4323 829 4388 de
852 4344 917 4409 quo
939 4323 1026 4409 apud
1049 4329 1171 4389 veteres
1196 4324 1331 4389 editores
1344 4325 1448 4390 multa
