3259 5275
889 583 932 644 50

341 793 415 856 nius
446 789 579 855 Crassus
610 797 678 855 orat
664 792 745 856 t.0r’'
777 790 910 855 Ι1155
862 797 910 855 555
931 791 1070 856 tritavus
1093 791 1241 868 Neronis,
1266 792 1319 856 hic
1341 798 1468 855 atavus.

386 917 575 984 Suetonium
600 917 677 982 adso
702 916 857 982 fastorum
883 920 1069 1004 imperitum
1094 919 1194 983 555555
1219 925 1255 982 55
1278 919 1357 983 duos
1381 920 1472 982 viros

342 1044 485 1108 maxime
509 1051 695 1109 memoratu
710 1043 825 1129 dignos
849 1043 1028 1109 confuderit
1051 1046 1124 1131 quis
1148 1045 1278 1110 credat?

385 1168 466 1243 Quis
490 1170 576 1233 enim
601 1169 807 1233 historiarum
820 1170 1132 1257 scriptochmanus
1145 1172 1311 1257 ignorabat
1299 1172 1377 1235 tlex
1389 1172 1472 1234 anni

343 1298 416 1379 104,
446 1317 542 1382 quam
571 1298 777 1361 nuncetiam
802 1298 895 1382 pueri
919 1318 993 1361 cum
1016 1303 1145 1363 auctore
1170 1299 1323 1363 memoria
1346 1304 1471 1377 555555,

339 1445 358 1487 5
381 1444 444 1509 quo
468 1428 551 1487 55555
573 1423 645 1488 lata.
671 1422 756 1486 Puta
778 1424 963 1509 scriptorem
986 1430 1157 1488 nostratem
1170 1424 1330 1505 Frisones,
1344 1430 1471 1536 patrem

339 1555 370 1612 55
404 1548 519 1648 filium,
556 1569 618 1612 555
654 1548 854 1632 (1555555555,
891 1550 988 1612 nimis
1023 1550 1196 1614 ridiculum
1231 1557 1279 1615 555
1309 1571 1404 1636 quam
1432 1557 1472 1612 ut

338 1674 401 1739 fact
388 1681 458 1739 tum
494 1696 562 1739 5555
596 1674 715 1739 credas.
751 1675 999 1762 Oudendorpius
1032 1676 1104 1741 ideo
1137 1678 1243 1743 verbis
1266 1676 1472 1762 transpositis

337 1802 419 1866 hanc
453 1803 621 1867 lectionem
656 1803 909 1867 commendavit:
945 1803 1071 1868 Atavus
1103 1806 1183 1891 ejus,
1208 1802 1266 1867 05.
1292 1803 1469 1883 Domitius,

337 1930 371 1991 in
402 1930 568 1993 consulatu
604 1928 835 2013 Allobrogibus
859 1928 1081 2015 Arvernisque
1104 1935 1235 2016 superat
1236 1930 1273 2011 is,
1298 1928 1470 2014 elephanto

338 2077 394 2141 per
428 2056 624 2141 provinciam
657 2061 767 2119 vectus
799 2062 856 2136 555,
834 2057 983 2120 tturba
1016 2056 1157 2119 militum
1181 2056 1273 2141 quasi
1298 2054 1469 2120 55555551-

340 2181 460 2244 lemnia
484 2179 642 2266 triumphi
665 2188 886 2267 prosequente.
912 2180 1021 2267 Hujus
1044 2181 1160 2245 lilius
1151 2202 1185 2243 55
1205 2181 1371 2245 tribunatu
1388 2202 1468 2265 pon·

337 2306 480 2371 tificibus
508 2305 667 2388 offensior,
691 2306 774 2391 quod
799 2307 901 2370 alium
925 2328 1022 2392 quam
1047 2328 1081 2370 se
1104 2308 1136 2370 in
1161 2307 1260 2392 patris
1284 2307 1335 2370 sui
1358 2306 1465 2369 locum

335 2440 543 2519 cooptassent,
575 2435 631 2519 jus
667 2431 866 2497 sacerdotum
898 2433 1171 2517 subrogandorum
1207 2454 1226 2496 5
1256 2432 1399 2516 collegiis
1422 2432 1466 2495 ad

336 2559 491 2646 populum
517 2565 620 2622 transt
607 2559 691 2622 tulit.
714 2557 754 2621 In
779 2557 865 2622 bunc
889 2557 975 2622 dixit
962 2565 1042 2622 tetc
1045 2606 1141 2624 .....

379 2684 481 2748 Addit
512 2691 618 2748 tamen
651 2683 917 2770 Oudendorpius:
945 2683 1087 2764 „Verum
1111 2684 1221 2748 haeret
1243 2690 1349 2748 tamen
1374 2704 1464 2747 scru-

334 2811 448 2897 pulus;
484 2809 568 2895 quod
603 2815 679 2873 tunc
713 2809 934 2874 Arvernorum
966 2812 1067 2874 victor
1090 2831 1151 2874 non
1175 2818 1289 2874 atavus
1313 2809 1465 2891 Neronis,

334 2937 389 3001 sed
419 2937 567 3018 tritavus,
593 2936 640 2998 uti
665 2943 742 3016 crat,
771 2937 876 3000 vocari
900 2936 1048 3001 debuisse
1074 2936 1216 3001 videtur:
1243 2937 1305 2999 nisi
1328 2942 1460 2999 atavum

334 3086 390 3149 pro
421 3065 538 3127 tritavo
571 3064 723 3149 posuerit,
749 3070 785 3126 ut
813 3066 990 3149 „proavus”
1016 3085 1072 3148 pro
1100 3063 1231 3144 „atavo”
1257 3063 1309 3127 vel
1332 3085 1395 3127 uno
1418 3084 1464 3126 ex

334 3191 519 3277 majoribus,
544 3196 576 3254 55
598 3197 706 3254 555555
738 3193 890 3270 „atavus”
916 3211 972 3276 pro
996 3190 1464 3274 „proavo''acsimilesccgna·

335 3304 459 3386 tionum
483 3317 722 3404 adpellaticnes‚
748 3317 858 3380 laxius
882 3323 1064 3391 sumuntur.

378 3441 486 3507 Verba
520 3442 599 3506 15555
636 3449 778 3525 „atavus
817 3443 976 3528 proavus'’
1012 3443 1171 3506 interdum
1208 3444 1331 3506 laxiore
1365 3465 1462 3506 sensu

334 3570 483 3655 usurpari
519 3590 612 3633 nemo
648 3570 825 3654 negaverit.
861 3568 893 3631 N
896 3591 934 3633 55
969 3575 1076 3633 tamen
1111 3575 1217 3634 nostro
1250 3570 1317 3634 1555
1352 3570 1465 3634 licebit

336 3698 489 3776 „atavus”
526 3717 583 3782 pro
622 3697 798 3777 „tritavus”
836 3716 969 3780 ponere3
1005 3696 1050 3759 sic
1085 3697 1170 3760 55555
1202 3697 1260 3781 qui
1283 3697 1403 3781 legeret
1426 3696 1462 3758 in

333 3843 472 3886 errorem
498 3821 704 3886 induceretur
727 3823 863 3886 alterum
888 3841 931 3886 ex
956 3820 1109 3885 Domitiis
1129 3821 1194 3885 illis
1207 3821 1461 3904 fuisseatavum,

331 3948 467 4012 alterurn
502 3987 543 3996 -
580 3947 684 4011 filium
717 3986 757 3994 —
793 3947 893 4013 fuisse
924 3969 1021 4012 avum
1046 3947 1195 4012 Neronis.
1220 3946 1341 4021 Quidni
1366 3969 1461 4012 omnc

331 4072 466 4136 dubium
501 4093 664 4137 removeas
699 4072 850 4157 legendo:
886 4072 1039 4136 Tritavus
1074 4073 1154 4157 ejus,
1179 4079 1284 4136 cetera
1309 4080 1344 4134 ut
1369 4072 1456 4157 apud

331 4197 606 4284 Oudendorpium.

375 4324 522 4388 Fortasse
552 4331 657 4388 tamen
691 4325 778 4388 locus
802 4324 855 4388 bic
879 4331 927 4389 555
950 4346 1033 4388 unus
1055 4346 1097 4388 ex
1123 4325 1197 4404 illis,
1224 4325 1281 4410 qui
1306 4324 1460 4388 nonnulla
