3259 5275
896 600 938 663 36

532 859 565 926 0.
600 861 654 923 49.
694 861 805 927 Urbem
837 863 941 926 natali
971 884 1028 927 suo
1059 864 1218 945 impressus
1248 870 1302 926 eat.
1328 862 1476 944 Intraque

573 993 722 1071 quartum
744 1009 878 1052 mensem
897 991 1001 1069 periit.

393 1202 507 1290 Capite
539 1214 650 1271 octavo
681 1208 819 1294 legitur:
842 1207 878 1273 O.
902 1208 1020 1275 Caesar
1043 1218 1205 1275 natusest
1228 1210 1333 1297 pridie
1356 1208 1474 1272 Kalen·

348 1328 404 1393 das
441 1329 656 1417 Septembres.
693 1332 807 1421 Capite
842 1337 1110 1422 quinquagesimo
1141 1350 1269 1401 octavo:
1295 1335 1389 1400 Nono
1412 1333 1475 1397 Ka-

348 1455 457 1522 lendas
491 1458 687 1524 Februarias
718 1460 838 1525 dieitur
868 1483 937 1526 esse
969 1462 1164 1527 interfectus.
1190 1462 1242 1527 Ex
1267 1484 1305 1527 eo
1330 1460 1474 1548 Ryckius

347 1588 379 1646 et
414 1584 510 1647 multi
544 1585 601 1649 alii
637 1608 798 1668 censuere,
836 1609 909 1651 cum
944 1589 1027 1652 intra
1063 1589 1211 1674 quintum
1237 1608 1382 1653 mensem
1407 1591 1475 1672 post

344 1710 481 1773 natalem
510 1732 604 1776 suum
630 1710 781 1798 Caligula
805 1712 901 1779 caede
923 1714 966 1777 sit
989 1714 1186 1796 interfectus,
1211 1712 1383 1798 legendnm
1407 1731 1474 1774 esse

348 1835 451 1916 „intra
484 1838 636 1923 quintum
668 1839 844 1904 mensem”.
869 1838 962 1920 Quod
986 1862 1043 1904 cnr
1066 1842 1099 1904 in
1124 1839 1320 1905 editionibus
1344 1859 1407 1903 non
1431 1838 1470 1900 sit

344 1968 509 2049 receptum
546 1962 659 2027 mirari
693 1970 778 2027 certe
810 1964 895 2027 licet.
926 1962 1083 2046 Proiecto,
1107 1965 1135 2027 si
1159 1963 1381 2050 Tranquillus,
1405 1983 1471 2025 sus·

342 2109 440 2174 penso
475 2087 583 2152 animo
618 2094 650 2152 et
683 2096 847 2175 occupato,
883 2090 952 2175 ipse
988 2090 1052 2154 sibi
1086 2089 1261 2176 obloquens
1291 2089 1471 2174 scripsisset

345 2214 449 2295 „intra
471 2220 623 2300 quartum
647 2202 824 2296 mensem'’,
848 2215 952 2280 cuivis
972 2216 1159 2297 amicorum,
1182 2216 1248 2279 imo
1266 2215 1471 2280 librariorum

341 2340 393 2405 vel
425 2361 592 2406 servorum
629 2361 648 2403 a
683 2361 780 2404 manu
816 2341 937 2425 gratiss
973 2341 1101 2426 egisset,
1119 2340 1194 2427 'qui
1230 2341 1340 2427 legens
1361 2339 1412 2403 vel
1434 2336 1471 2400 de

341 2466 484 2531 scribens
507 2466 709 2531 correxisset.

386 2590 459 2656 Non
484 2612 560 2658 vero
585 2589 712 2657 credere
736 2591 812 2656 licet
836 2590 1022 2677 scriptorem
1046 2590 1126 2656 alias
1150 2580 1277 2679 semper
1300 2588 1469 2654 accuratis·

339 2719 460 2782 simum
484 2717 564 2782 adeo
588 2723 695 2783 mente
720 2719 848 2803 lapsum
873 2737 958 2781 esse:

520 2976 553 3044 0.
588 2978 640 3040 50.
668 2975 819 3041 Otaditur
838 2976 1022 3054 potionatus
1044 2995 1065 3036 a
1090 2973 1240 3038 Caesonio
1264 2993 1360 3036 uxore
1384 2992 1468 3034 omo

561 3105 641 3167 torio
671 3103 796 3186 quidem
826 3100 1055 3180 medicamento,
1086 3099 1140 3163 sed
1170 3100 1253 3182 quod
1271 3101 1308 3162 ia
1330 3099 1470 3181 furorem

561 3234 708 3292 verterat.

382 3459 458 3523 Vox
493 3459 715 3547 „potionatus”
748 3457 866 3520 merito
896 3455 1108 3540 suspicionem
1140 3455 1340 3540 corruptelae
1364 3455 1467 3535 dedit;

335 3583 423 3672 apud
456 3585 536 3649 solos
568 3585 655 3650 onim
679 3585 852 3669 scriptores
876 3579 975 3644 medii
1000 3580 1072 3643 aevi
1095 3579 1232 3642 occurrit
1255 3601 1370 3644 sensu:
1394 3579 1467 3644 dare

335 3709 513 3776 bibendum
544 3733 575 3775 v.
595 3731 627 3794 g.
649 3710 815 3795 potionare
837 3707 1032 3789 jumentum.
1058 3701 1163 3776 Quare
1186 3704 1219 3764 in
1245 3711 1396 3790 promptu
1420 3707 1467 3766 est

334 3835 465 3900 credere
483 3855 553 3898 eam
577 3855 596 3896 a
620 3833 753 3896 librario
779 3831 852 3914 ejus
874 3829 987 3891 aetatis
1011 3848 1067 3912 pro
1087 3826 1150 3890 alia
1174 3848 1250 3891 voce
1270 3830 1466 3892 tuncminus

333 3959 464 4044 vulgari
488 3981 556 4024 esse
579 3959 744 4021 insertam.

379 4082 535 4147 Nicolaus
560 4082 719 4147 Heinsius
743 4079 816 4141 ideo
842 4076 1024 4161 proposuit:
1050 4075 1176 4159 potione
1199 4075 1369 4160 invitatus,
1395 4096 1465 4140 cum

335 4207 585 4294 Oudendorpius
616 4203 815 4271 defenderit:
847 4201 975 4284 potione
997 4204 1146 4262 tentatus.
1172 4198 1335 4264 Neutrum
1361 4209 1465 4266 tamen

334 4335 418 4400 mihi
450 4333 603 4419 probatur
633 4333 674 4396 ob
703 4330 763 4393 hoe
787 4323 873 4412 quod
897 4324 1060 4409 sequitur:
1084 4323 1303 4387 amatorio...
1330 4325 1465 4390 medica·
