3259 5275
731 612 769 673 41

182 824 327 903 μετεώρως
351 822 507 908 deligeret
529 823 593 886 sibi
626 823 766 909 aliquem
792 824 886 907 cujus
910 830 1030 887 motum
1055 830 1087 887 et
1109 822 1255 887 habitum
1280 830 1312 889 et

183 950 342 1013 incessum
365 949 578 1030 imitaretur'’,

230 1072 335 1154 „Qui”
360 1073 454 1137 initio
474 1072 650 1139 sententiae
671 1073 810 1159 positum
832 1072 872 1136 ad
885 1094 1051 1159 personam
1066 1094 1148 1159 quae
1161 1076 1309 1161 proxime

180 1199 340 1265 antecedit
382 1200 511 1265 videtur
546 1200 715 1285 pertinere.
752 1198 859 1273 Quare
892 1200 1063 1285 legendum
1099 1210 1310 1268 censuerunt:

181 1328 241 1413 qui
276 1367 316 1375 —
350 1349 392 1391 sc.
426 1324 589 1412 Sulpicius
613 1333 645 1391 et
669 1325 895 1391 Athenodorus
919 1365 959 1374 —
986 1327 1102 1391 vollem
1125 1328 1312 1414 diligentius

180 1461 216 1519 et
240 1455 347 1518 minus
371 1455 519 1534 perscipue
543 1454 708 1536 deligerent
731 1454 791 1517 sibi
818 1452 960 1539 aliquem
985 1461 1043 1518 etc.

228 1580 318 1654 Quae
350 1580 444 1646 lectio
478 1581 578 1644 etiam
612 1580 652 1643 ob
676 1579 773 1643 aliam
798 1600 927 1643 causam
952 1579 1045 1645 valde
1069 1579 1228 1644 laudanda
1252 1590 1309 1647 est.

179 1706 229 1771 Ut
251 1706 337 1771 enim
361 1704 447 1793 apud
469 1705 625 1770 Rothium
650 1706 771 1791 legitur
797 1705 925 1769 videtur
947 1705 1117 1791 Augustus
1130 1707 1311 1793 improbare

180 1832 271 1919 quod
301 1831 457 1897 Claudius
484 1852 611 1918 semper
634 1829 778 1917 Sulpicio
801 1836 834 1895 et
857 1830 1065 1896 Athenodoro
1090 1838 1208 1915 utatur,
1233 1856 1313 1919 quos

184 1959 310 2023 seilicet
334 1960 403 2045 ipse
423 1957 453 2023 ei
476 1958 645 2043 magistros
668 1957 828 2044 apposuit.

230 2083 321 2158 Quae
345 2106 421 2149 vero
444 2090 623 2171 sequuntur
646 2083 810 2170 aliquanto
831 2082 974 2169 longiore
994 2082 1210 2170 disputatione
1229 2085 1313 2149 iudi-

183 2217 281 2295 gent:
305 2208 453 2275 Misellus
477 2212 695 2288 1111411111]
721 2210 749 2271 ἐν
774 2216 836 2277 τοῖς
860 2210 1033 2283 σπουδαίοις,
1059 2211 1115 2275 ubi
1139 2217 1202 2275 r'ron
1222 2212 1312 2278 aber-

185 2336 274 2400 ravit
301 2337 372 2421 ejus
395 2336 534 2418 animus,
558 2335 635 2398 satis
658 2340 791 2421 apparet
815 2338 831 2409 ἡ
856 2341 910 2408 τῆς
933 2342 1038 2415 ψυχῆς
1062 2338 1151 2401 αὐτοῦ
1174 2336 1311 2415 εὐγένεια.

233 2460 283 2524 lta
306 2482 325 2524 a
347 2460 466 2525 Rothio
491 2460 614 2526 editum
640 2469 697 2524 eet.
723 2458 843 2524 Sensus
866 2481 976 2525 eorum
1000 2461 1169 2525 vorborum
1194 2468 1243 2526 est
1261 2461 1314 2526 hic

182 2588 221 2653 ni
256 2586 365 2652 fallor:
402 2585 521 2652 Misero
558 2585 723 2651 Tiberiolo
759 2586 842 2651 male
877 2608 927 2652 res
960 2587 1152 2673 procedunt3
1182 2590 1315 2654 namin

183 2714 281 2778 rebus
311 2713 414 2795 seriis,
447 2713 505 2776 ubi
538 2713 666 2776 animus
692 2713 1315 2801 111111111111111111113111111111111

185 2839 310 2904 indoles
334 2840 412 2903 satis
437 2845 579 2925 apparet.

232 2965 382 3052 Augusto
407 2967 508 3052 igitur
528 2964 649 3050 judice,
671 2962 829 3030 Claudius
850 2966 883 3028 in
905 2965 1000 3030 rebus
1012 2966 1149 3052 alicujus
1162 2969 1316 3031 momenti

185 3093 266 3157 satis
301 3093 429 3157 insitam
467 3091 534 3154 vim
568 3091 693 3176 ingenii
717 3090 864 3155 ostendit.
890 3089 979 3164 Quae
1003 3091 1191 3176 Augustum
1215 3094 1316 3180 scrip-

184 3220 266 3285 sisse
303 3218 509 3285 vehementer
544 3217 667 3282 dubito.
703 3216 841 3303 Saepius
877 3218 962 3281 enim
999 3219 1032 3281 in
1064 3218 1202 3306 epistula
1233 3243 1316 3307 quae

185 3347 336 3434 proxime
366 3344 526 3409 antecedit
557 3344 706 3410 timorem
739 3365 835 3408 suum
869 3343 975 3429 prodit
1004 3365 1044 3409 ne
1068 3343 1223 3410 Claudius
1246 3369 1313 3413 rem
1405 3410 1408 3415 .

186 3493 271 3558 quae
294 3472 379 3536 vires
402 3469 538 3534 excedat
560 3475 660 3555 gerat.

234 3594 479 3683 Oonspiceretur
514 3596 600 3660 enim
625 3603 657 3660 et
681 3602 869 3682 conspectus
893 3595 962 3660 sine
985 3596 1084 3661 dubio
1106 3597 1315 3663 derideretur.

186 3723 276 3804 Ideo,
301 3723 427 3809 quando
451 3723 551 3788 festus
575 3722 643 3786 dies
667 3724 775 3808 agitur
800 3723 852 3787 111
876 3722 1057 3809 spectacula
1075 3722 1201 3806 dantur,
1215 3746 1316 3789 remo·

188 3848 312 3914 vendus
348 3855 404 3913 est.
442 3847 553 3912 Etiam
586 3848 712 3922 dubitat
742 3870 820 3912 num
846 3849 977 3914 fortasse
1000 3849 1168 3923 ἠλάττωται
1192 3852 1241 3915 καὶ
1265 3852 1317 3928 βέ-

187 3975 403 4054 1111111111)
427 3977 465 4047 εἰς
489 3983 542 4047 τὴν
569 3981 620 4041 τοῦ
645 3977 783 4052 σώματος
808 3976 860 4040 καὶ
884 3978 924 4048 εἷς
949 3978 1001 4049 τὴν
1025 3984 1078 4050 τῆς
1099 3983 1203 4056 ψυχῆς
1223 3979 1315 4046 ἄρτιό-

186 4124 267 4172 rara
302 4096 367 4174 Qui
393 4101 437 4164 ita
462 4099 501 4165 de
526 4099 657 4165 homine
681 4100 790 4187 aliquo
810 4101 978 4185 judicabat
1001 4123 1062 4165 non
1076 4101 1180 4187 potuit
1192 4103 1317 4187 opinari

187 4227 327 4293 eundem
363 4228 396 4290 in
433 4228 527 4292 rebus
565 4228 703 4314 alicujus
741 4229 895 4292 momenti
930 4229 1076 4313 generosi
1106 4229 1207 4291 animi
1230 4228 1317 4294 dotes

188 4353 354 4420 ostendere
378 4355 488 4419 solere.
