3259 5275
745 572 915 646 Ι62

326 813 395 858 essa
427 792 508 856 mihi
532 793 723 879 persuadere
747 816 889 880 possum.
916 796 1038 881 Agitur
1061 796 1101 861 da
1129 797 1268 863 Neronis
1291 800 1462 863 nocturnis

329 919 461 1004 rapinis.
497 917 632 1005 Vesperi
667 941 738 983 oum
773 920 849 984 aliis
875 922 1054 1006 juvenibus
1086 944 1143 1009 per
1167 924 1236 989 vias
1260 925 1350 989 urbis
1373 946 1464 991 erra·

328 1044 456 1109 bundus
492 1046 582 1110 velut
617 1046 698 1112 latro
731 1048 860 1112 obviam
898 1050 1063 1115 venientes
1087 1050 1286 1134 verberabat,
1311 1053 1464 1117 tabernas

328 1172 425 1236 etiam
450 1172 632 1258 expilabat3
657 1173 743 1239 domi
766 1181 874 1239 autem
901 1176 1006 1240 forum
1029 1176 1160 1263 aliquod
1185 1177 1374 1261 habebatur,
1401 1177 1465 1241 ubi

328 1296 406 1382 quid
438 1304 531 1383 putas
555 1297 674 1364 fautum
699 1301 791 1366 esso?
814 1299 880 1366 Res
906 1309 1014 1387 raptas
1038 1324 1107 1367 essa
1131 1302 1301 1368 venditas?
1326 1303 1465 1368 Divisae

329 1422 412 1487 inter
441 1424 542 1489 sooios
572 1425 814 1511 expeditionis?
839 1426 913 1491 Non
938 1428 1000 1512 ita3
1025 1428 1081 1493 ubi
1106 1430 1246 1514 pretium
1272 1451 1378 1495 rorum
1403 1431 1465 1494 ab·

328 1557 518 1633 sumeretur,
543 1552 564 1614 i.
579 1573 605 1617 e.
632 1552 688 1616 ubi
713 1552 871 1638 epulando
894 1560 927 1618 et
947 1554 1084 1639 potando
1105 1555 1228 1621 fruetus
1241 1556 1465 1643 expeditionis

329 1683 601 1743 consumerentur.

375 1804 509 1868 Nullam
540 1804 692 1890 equidem
725 1804 822 1867 aliam
855 1805 1127 1890 signifieationem
1150 1808 1334 1892 excogitare
1358 1810 1464 1895 potui.

328 1928 440 1994 Hoone
473 1932 505 1993 in
530 1913 597 1994 loro
621 1930 692 1995 fieri
717 1932 790 2016 quis
814 1931 1011 1995 crediderit?
1035 1931 1073 1995 ln
1098 1933 1167 1997 foro
1190 1905 1303 1998 emunt
1327 1939 1359 1997 et
1384 1955 1465 1999 von-

327 2055 416 2139 dunt,
441 2078 503 2148 non
529 2078 603 2120 vero
627 2056 786 2142 epulando
808 2058 948 2143 pretium
973 2065 1138 2144 aooeptum
1164 2059 1350 2124 absumunt.
1364 2059 1464 2126 Adde

328 2181 412 2266 quod
436 2180 559 2245 oodioss
584 2181 745 2245 vacillant.

372 2307 502 2372 Etenim
534 2329 590 2393 pro
623 2307 887 2388 „absumeretur”
919 2309 1038 2393 legitur
1061 2310 1158 2373 etiam
1188 2308 1460 2390 „assumeretur”.

328 2434 533 2498 Burmannus
567 2433 653 2498 huno
688 2435 790 2499 looum
828 2434 1023 2499 doctioribus
1058 2435 1137 2499 dioit
1167 2458 1201 2501 se
1223 2435 1458 2501 excutiendum

328 2563 519 2648 relinquere,
544 2561 791 2649 Oudendorpius
815 2563 925 2628 leotari
945 2545 1115 2627 arbitrium
1137 2564 1310 2650 permittet.
1330 2562 1455 2629 Videor

328 2689 410 2754 mihi
452 2690 618 2781 lectionem
664 2689 920 2770 „assumeretur”
956 2689 1120 2755 commode
1153 2712 1245 2776 posse
1278 2690 1457 2776 explicare.

328 2817 424 2881 Domi
455 2815 633 2880 habebatur
663 2816 779 2900 forum,
805 2816 863 2880 ubi
890 2821 999 2900 partae
1025 2814 1169 2900 praedae,
1193 2836 1277 2901 quae
1302 2837 1360 2901 per
1382 2836 1460 2880 auo-

328 2944 447 3007 tionem
479 2943 563 3007 inter
584 2949 777 3028 grassatores
801 2948 869 3005 erat
892 2940 1074 3022 dividenda,
1100 2941 1239 3026 pretium
1264 2942 1459 3026 acciperent,

330 3069 386 3132 ubi
421 3068 543 3153 singuli
576 3068 653 3132 sooii
689 3088 779 3130 suam
815 3067 911 3152 pretii
943 3072 1064 3151 partem
1091 3066 1281 3151 aooiperent.
1306 3065 1459 3131 Pretium

329 3200 435 3258 autem
467 3216 509 3258 ex
534 3216 571 3258 eo
597 3192 703 3271 fiebat,
729 3192 814 3278 quod
838 3192 916 3256 sooii
940 3192 1024 3255 inter
1046 3212 1080 3255 se
1102 3190 1227 3256 lieeudo
1251 3190 1458 3276 vendebant3

327 3322 475 3407 singulae
499 3342 548 3385 res
571 3319 708 3383 summis
732 3317 845 3403 pretiis
867 3316 1132 3402 assignabantur3
1151 3316 1226 3380 dein
1246 3317 1344 3380 totius
1357 3318 1458 3402 pretii

329 3449 467 3534 quisque
489 3467 579 3510 suam
605 3453 726 3531 partem
753 3443 944 3509 assumebat.

509 3719 542 3784 0.
579 3719 631 3781 27.
666 3717 830 3781 Indicabat
863 3722 891 3780 et
927 3715 1142 3799 familiaribus
1166 3735 1289 3798 amnas„
1314 3735 1458 3795 quarum

550 3846 610 3906 aul
640 3842 781 3906 mitellita
811 3841 1000 3925 quadrantes
1030 3841 1168 3903 sestertio
1190 3839 1336 3922 constiti,
1361 3840 1459 3904 alteri

550 3971 656 4050 pluris
676 3969 839 4054 aliquanto
860 3969 996 4031 rosaria.

373 4208 424 4273 Ita
458 4205 580 4271 oodioes
614 4203 824 4286 tradiderunt,
859 4201 924 4265 uisi
954 4198 1039 4286 quod
1069 4219 1126 4283 pro
1152 4197 1341 4278 „mitellita”
1366 4199 1456 4284 apud

329 4334 496 4398 nonnullos
526 4332 646 4416 legitur
680 4326 881 4410 „metallina”
912 4325 963 4389 vel
989 4323 1173 4405 „metallita,
1198 4322 1355 4387 mitelita”
1380 4330 1455 4409 eto„
