3259 5275
711 607 753 671 at

200 816 275 883 Dio
310 816 441 882 (lessius
476 825 584 884 autem
619 818 657 883 L.
695 820 735 883 59
772 818 808 884 (l.
845 820 898 903 22,
933 819 991 884 ubi
1024 817 1191 884 historiam
1214 819 1295 884 hane

151 944 275 1027 tradit,
299 945 346 1008 ita
368 946 511 1031 scripsit:
535 944 592 1015 σοίς
612 969 646 1009 σε
669 946 810 1027 οίδελφίος
833 946 881 1011 cr}
900 956 936 1026 τῇ
949 952 1084 1029 συνουσίᾳ
1096 948 1185 1010 αὐτοῦ
1197 947 1226 1017 ἐς
1238 946 1295 1018 τοὶς

151 1072 293 1140 Ποντίοος
317 1074 418 1145 νήσους
437 1072 584 1145 κοοτίίεσο,
608 1073 708 1136 πολλοὶ
729 1072 794 1149 περὶ
813 1075 909 1137 αὐτῶν
929 1072 981 1136 sal
1004 1073 1102 1149 ἀσεβῆ
1115 1074 1164 1136 uui
1177 1074 1294 1151 οίσελγῆ

151 1200 196 1277 τῷ
240 1198 374 1278 συνεδρίῳ
408 1197 538 1277 γροίψοορ.
577 1196 702 1263 Ultima
736 1199 835 1265 rerba
860 1200 906 1265 sio
930 1198 1042 1264 reddo:
1068 1199 1170 1264 multo
1193 1199 1232 1265 de
1256 1200 1296 1265 iis

151 1324 272 1411 impia
293 1330 325 1389 et
347 1324 563 1390 inverecunda
585 1324 626 1389 ad
650 1332 755 1411 patres
778 1325 917 1411 scripsit.

205 1450 284 1527 Quo
326 1452 393 1516 loco
429 1452 542 1517 collato
577 1452 670 1517 valde
702 1451 784 1515 mihi
820 1451 941 1517 arridet
974 1450 1081 1537 Lipsii
1115 1453 1297 1538 conjectura

151 1578 304 1662 legentis
338 1583 459 1664 stupra.
494 1576 643 1683 Caligula
682 1578 805 1643 scilicet
827 1576 1039 1664 chirographa
1063 1599 1189 1642 reorum
1213 1598 1296 1664 quae

152 1702 280 1767 fraude
299 1704 491 1789 requisierat
510 1725 548 1769 ac
567 1712 678 1791 stupra
697 1704 889 1789 divulgavit.
903 1701 1053 1789 Caligula
1064 1703 1161 1779 οὶσεβῆ
1174 1703 1296 1782 γρίφοις

154 1828 351 1915 divulgavit
373 1828 595 1916 chirographa,
618 1833 734 1908 οίσελγῆ
758 1830 880 1910 γροίώοις
903 1835 1015 1917 stupra
1037 1830 1228 1916 divulgavit.

350 2113 384 2180 0.
409 2113 461 2179 25.
491 2115 607 2181 Ιίοσονίο
628 2118 753 2181 nomine
773 2116 924 2199 danatus
945 2122 991 2180 est
1013 2137 1108 2201 quom
1130 2116 1265 2181 eolcom.

210 2338 265 2402 Ita
297 2359 339 2402 ex
363 2338 526 2425 plerisque
549 2340 712 2405 codicibus
735 2339 874 2405 Rothius
897 2339 1007 2407 edidit.
1032 2338 1071 2402 In
1095 2339 1296 2404 adnotatione

157 2472 276 2529 tamen
299 2465 409 2535 critica
432 2464 556 2530 addidit
578 2465 673 2531 haee:
698 2488 780 2531 non
816 2466 950 2552 prius
974 2465 1134 2531 excidisse
1157 2464 1296 2547 videtur,

164 2596 301 2658 secutus
336 2589 613 2678 Oudendorpium,
644 2593 701 2679 qui
732 2592 766 2656 in
790 2613 848 2656 sua
871 2591 1010 2658 editione
1033 2591 1215 2657 adnotarat:
1240 2590 1296 2657 An

158 2717 295 2804 scripsit
329 2716 519 2783 Suetonius:
554 2739 651 2805 quam
686 2740 748 2784 non
772 2720 888 2784 uxorio
910 2720 1040 2784 nomine
1063 2719 1214 2805 dignatus
1237 2725 1294 2804 est,

160 2844 230 2908 nisi
267 2844 409 2926 enixam,
445 2844 516 2909 vel:
548 2844 635 2908 haud
666 2851 739 2910 ante
771 2847 887 2909 uxorio
918 2846 1048 2910 nomine
1072 2845 1223 2931 dignatus
1248 2851 1296 2909 est

159 2990 263 3056 quam
288 2970 429 3037 enixam.

210 3094 314 3182 Saepe
337 3117 410 3160 eum
434 3095 493 3161 hoo
516 3097 584 3161 loco
608 3096 775 3161 conferunt
798 3096 913 3161 Dionis
937 3094 1040 3160 Cassii
1064 3096 1102 3160 L.
1117 3098 1157 3160 59
1181 3094 1217 3160 (l.
1232 3097 1294 3161 23:

212 3223 364 3286 Μίλωνίοον
390 3224 550 3286 Καισωνίαν
574 3221 695 3301 ἔγημεν,
722 3220 754 3296 ἥν
778 3221 908 3303 πρότερον
933 3221 988 3298 μὲν
1011 3223 1157 3300 ἐμοίχευε,
1178 3225 1245 3285 τότε
1264 3221 1295 3285 δὲ

160 3349 218 3414 aci
250 3350 387 3426 γοομεσίον
419 3351 592 3421 corcosson
625 3349 770 3422 ν’ίὲλνσεν,
802 3350 900 3422 ἐπειδὴ
935 3351 963 3412 ὲν
993 3347 1102 3426 γοοσσρί
1134 3349 1233 3427 ἔσχεν,
1260 3347 1294 3411 ἵν’

162 3477 247 3552 οούσῴ
271 3474 382 3537 σουδίον
406 3474 640 3553 τριακονθήμερον
665 3475 743 3554 σὲκρ.
769 3473 865 3538 Nihil
889 3495 963 3539 vero
984 3474 1040 3538 illa
1060 3475 1295 3560 comparatione

162 3599 289 3666 ostendi
313 3605 416 3687 potest
438 3599 503 3663 nisi
526 3599 663 3664 Dionem
687 3601 780 3664 aliter
803 3600 885 3666 hanc
909 3623 977 3665 rem
1001 3622 1131 3665 narrare
1155 3621 1191 3665 ao
1215 3599 1293 3666 Sue·

161 3727 301 3792 tonium.
337 3725 424 3806 Quid
449 3727 534 3790 enim
559 3724 732 3791 Suetonius
755 3727 917 3812 intelligat
941 3748 984 3790 ex
1008 3727 1116 3791 verbis
1139 3746 1222 3812 quae
1245 3747 1293 3790 se·

162 3857 328 3940 quuntur:
353 3874 417 3917 uno
439 3859 535 3938 atque
560 3852 670 3918 eodem
694 3852 747 3917 die
771 3859 829 3917 etc.
855 3853 1062 3938 perspicuum
1086 3859 1143 3916 est.

211 3976 342 4044 Codices
377 3985 485 4043 autem
520 3999 582 4042 non
614 3979 743 4043 omnino
767 3981 979 4044 consentiunt.
1006 3977 1098 4052 Quod
1121 3976 1207 4062 apud
1229 3975 1292 4040 Ro·

159 4106 270 4171 thium
293 4106 431 4191 legimus
455 4107 488 4168 in
512 4105 661 4192 plurimis
686 4105 779 4169 mssis
803 4105 973 4191 reperitur,
999 4111 1032 4168 at
1055 4103 1224 4167 Palatinus
1245 4124 1293 4189 pr.

161 4231 278 4295 habet:
314 4231 420 4312 Quam
444 4231 589 4311 omnium
614 4231 728 4295 uxorio
751 4232 880 4295 nomine
904 4230 1055 4315 dignatus
1078 4236 1127 4294 est
1150 4231 1292 4293 enixam.

160 4357 200 4420 In
236 4378 299 4443 qua
333 4357 467 4422 lectione
500 4358 685 4440 „omnium”
710 4363 766 4421 aut
788 4378 858 4421 esse
883 4363 1069 4442 corruptum
1093 4361 1150 4418 aut
1174 4354 1292 4419 falsum
