3259 5275
721 584 760 646 ΙΙ

719 891 771 949 lx.

226 1093 321 1161 Ovid.
347 1093 477 1161 Metam.
501 1094 575 1161 Lib.
600 1092 681 1176 XII,
706 1116 752 1161 vs.
779 1095 854 1160 317.
883 1156 885 1161 .

356 1220 395 1284 In
420 1227 507 1285 tento
530 1221 662 1313 fremitu
687 1220 810 1294 eunetis
833 1220 902 1283 sine
925 1218 989 1284 fine
1009 1218 1137 1304 jacebat

359 1345 489 1432 Sopitus
511 1349 598 1411 uenis
621 1353 654 1411 et
677 1348 920 1432 inexperrectus
942 1344 1100 1431 Aphidas.

225 1471 330 1557 Lege:
355 1472 517 1539 membris.

728 1660 765 1719 X.

226 1862 392 1944 Martialis,
417 1861 616 1947 Epigramm.
642 1860 680 1927 L.
706 1860 771 1937 ΙΙΙ,
796 1863 848 1944 20,
877 1864 927 1929 10.

382 1988 470 2053 Hine
493 1989 521 2052 si
541 1988 682 2070 recessit,
707 1988 865 2073 porticum
890 1988 965 2053 terit
988 1989 1101 2069 ternpli.

226 2115 331 2201 Lege:
356 2115 477 2202 Magni.

667 2390 671 2395 f
721 2302 774 2362 xs.

230 2505 391 2571 Homerus
415 2504 569 2593 Odyssea.
595 2506 633 2573 L.
658 2504 752 2589 XIV,
777 2529 823 2574 vs.
849 2508 902 2573 31.

270 2631 314 2713 ἕξ
327 2658 340 2696 ε
351 2657 395 2697 το
422 2659 439 2697 κ
452 2658 490 2712 sp
502 2634 519 2698 δ
532 2657 544 2697 o
557 2657 575 2696 τ
587 2632 603 2697 ό
617 2658 630 2696 ν
644 2658 660 2712 ῃ
674 2683 682 2706 ,
709 2641 853 2713 σκῆπτρον
877 2631 908 2697 δέ
930 2639 978 2698 For
1001 2631 1106 2696 ἔκπεσε
1129 2633 1233 2712 χειρός.

227 2758 335 2845 Lege:
358 2758 456 2839 εἴχετο
480 2760 654 2840 ταρβοσύνῃ.

711 2971 779 3030 ΧΠ.

229 3159 410 3247 Xenophon
435 3158 605 3226 Helleniou
627 3160 666 3227 L.
688 3159 734 3244 II,
758 3183 784 3228 e.
812 3162 841 3243 1,
865 3177 909 3227 no.
936 3162 986 3227 12.

317 3286 565 3366 ταιρεσκευοὲζοντο
589 3286 620 3352 δὲ
644 3287 693 3352 καὶ
718 3288 741 3351 oi
764 3291 820 3350 τῶν
844 3287 1002 3360 ’Aternius
1025 3286 1185 3366 στρατηγοὶ

316 3412 420 3492 πρὸς
443 3413 486 3475 τὸ
510 3414 721 3477 ναυτικὸν
741 3413 773 3476 ’ἐν
796 3415 837 3492 τῷ
860 3411 965 3492 Σάμῳ.

227 3536 333 3622 Lege:
358 3537 391 3600 τὸ
416 3538 558 3610 ναυτικὸν,
583 3536 687 3603 deleto
709 3536 786 3618 πρός.

707 3773 789 3832 ΧΠΙ.

231 3959 315 4025 Xen.
340 3959 430 4027 Hell.
453 3960 492 4028 L.
515 3959 580 4044 III,
606 3983 632 4029 o.
657 3963 687 4045 2,
711 3963 756 4028 n⁰.
780 3962 833 4028 28.

294 4109 318 4148 τ
329 4110 343 4149 ε
353 4083 388 4166 p'r
401 4111 414 4149 ε
426 4109 450 4148 τ
463 4102 482 4150 λ
494 4087 510 4160 ἡ
524 4111 543 4150 σ
556 4089 569 4151 θ
583 4112 599 4160 η
625 4089 641 4162 ἡ
666 4087 741 4152 οἰκία
764 4086 840 4151 ἔνθεν
863 4086 914 4151 καὶ
938 4086 1024 4159 ἔνθεν,
1049 4085 1142 4157 ὥσπερ
1166 4088 1218 4168 ὑφ’
1319 4113 1321 4118 ·

294 4212 385 4289 {soro
408 4216 553 4289 μελιττῶν
578 4212 591 4275 ὃ
614 4213 742 4288 ἡγεμών.

229 4336 335 4421 Lege:
360 4336 542 4417 τεμεβλήθη.
