3259 5275
678 509 786 612 'ss

416 763 483 826 siue
508 762 663 845 probabili
692 781 789 825 correo
810 782 844 825 eo
866 764 1122 846 remiremont,
1147 782 1207 846 quo
1233 762 1314 844 fois-

417 893 486 953 eorrt
508 888 591 953 ollae
614 887 757 972 familiae
780 908 860 972 quos
882 889 947 967 ipso
969 888 1167 972 ooottaporet.

241 1135 328 1211 Quid
351 1136 403 1200 his
427 1136 533 1202 verbis
556 1134 756 1221 significetur
778 1136 921 1201 breviter
943 1135 1084 1200 indicare
1106 1136 1209 1226 lioeat.
1234 1135 1321 1200 Nero

189 1262 308 1326 ‘statuit
339 1282 395 1347 pro
425 1262 558 1327 semisse
589 1261 773 1327 dextantem
807 1283 876 1327 esse
904 1262 968 1326 sibi
992 1262 1166 1348 cogendam
1190 1263 1322 1327 ebonis

196 1388 395 1469 libertorum,
425 1387 483 1473 qui
513 1387 583 1451 sine
612 1389 703 1472 justa
725 1407 821 1451 eausa
843 1388 1017 1472 gessissent
1040 1408 1156 1484 nomen
1180 1388 1323 1453 familiae

195 1514 333 1600 alioujus
367 1513 430 1577 sibi
464 1520 624 1600 cognatae.
661 1512 766 1579 Nemo
796 1520 832 1577 ut
863 1514 977 1600 opinor
1012 1515 1110 1580 verba
1144 1514 1200 1578 illa
1229 1516 1324 1580 aliter

195 1640 382 1729 explioavit.
426 1638 512 1704 Illud
555 1639 594 1704 de
629 1638 727 1725 hujus
761 1639 823 1703 looi
857 1661 964 1722 sensu,
1001 1639 1040 1704 de
1076 1640 1211 1706 leotione
1253 1640 1323 1727 ipsa

195 1788 258 1832 non
293 1767 338 1830 ita
372 1764 585 1831 eonsentinnt.
621 1763 705 1829 Oum
740 1771 849 1829 autem
886 1766 949 1830 viri
980 1765 1064 1831 dooti
1089 1766 1123 1828 in
1146 1772 1241 1830 textu
1263 1766 1324 1831 hoo

196 1892 363 1957 statuendo
396 1891 454 1956 alii
488 1893 520 1957 in
554 1892 633 1955 alias
669 1899 774 1978 partes
810 1891 1019 1974 discederent,
1051 1893 1186 1979 plurimi
1217 1901 1323 1959 tamen

196 2021 410 2105 conjecturam
446 2016 627 2084 casauboni
658 2019 883 2083 commutantis
919 2020 1064 2100 „essent”
1088 2026 1120 2084 et
1145 2019 1323 2101 „luissent”

196 2167 254 2231 pro
276 2151 362 2211 oerta
385 2145 538 2210 hebentes
562 2145 595 2207 in
619 2151 746 2210 textum
767 2152 965 2231 receperunt.
987 2145 1127 2229 Etenim,
1148 2168 1222 2211 oum
1235 2145 1267 2209 N
1269 2168 1323 2213 ero

196 2294 315 2337 novum
348 2270 430 2335 illud
461 2270 601 2337 edietum
626 2270 724 2353 daret,
749 2270 893 2335 familiae
915 2271 991 2337 illae
1014 2270 1054 2336 de
1076 2272 1196 2358 quibus
1218 2294 1322 2338 sermo

197 2404 245 2462 est
270 2403 360 2463 erant
383 2396 498 2480 adhue,
523 2396 667 2462 libertini
691 2397 749 2482 qui
772 2418 882 2461 earum
906 2397 1037 2462 nomina
1058 2404 1223 2482 gesserant
1234 2404 1325 2463 erant

196 2525 326 2592 mortui.

242 2651 413 2717 Diffioilior
440 2657 488 2716 est
511 2650 685 2736 disputatio
709 2650 748 2716 de
772 2651 812 2715 iis
836 2671 920 2737 quae
942 2650 1151 2716 anteoednnt:
1176 2653 1208 2716 ei
1230 2671 1321 2737 eoge-

196 2785 285 2844 rotur
308 2779 366 2867 qni
380 2828 387 2842 .
402 2828 409 2843 .
424 2827 454 2842 ..
478 2778 645 2864 Imprimis
668 2777 832 2843 insolitum
858 2783 906 2842 est
932 2777 1003 2858 „ei”
1027 2798 1084 2863 pro
1110 2777 1320 2861 „sibi”;lioet

196 2905 283 2969 enim
315 2887 446 2990 regulae
479 2903 518 2968 de
549 2903 706 2968 reflexivo
735 2923 797 2968 non
829 2903 874 2966 ita
897 2923 1027 2967 severae
1051 2903 1116 2966 sint
1139 2907 1176 2966 ut
1196 2901 1319 2966 nullam

196 3031 419 3117 exceptionem
450 3029 631 3112 admittant,
658 3035 766 3094 tamen
788 3029 892 3093 omnis
915 3029 1063 3115 exoeptio
1085 3028 1227 3114 aliquam
1251 3049 1342 3102 sus·¹

197 3157 355 3244 pioionem
380 3163 498 3222 movet.

241 3280 325 3346 Dein
361 3281 532 3362 relatiyum
573 3281 670 3368 „qui”
706 3302 725 3345 a
755 3279 1004 3345 demonstrativo
1026 3302 1084 3346 sno
1110 3281 1317 3361 „libertorum

196 3407 441 3473 defunetorum''
465 3407 563 3471 nimis
586 3413 634 3472 est
657 3414 825 3471 remotum.
850 3404 982 3471 Oodioes
1004 3413 1123 3489 autem,
1143 3407 1205 3472 etsi
1217 3407 1319 3470 mirus
1403 3423 1405 3425 ’

197 3539 245 3598 est
268 3555 379 3600 eorum
399 3533 432 3596 in
457 3533 516 3598 hoo
536 3532 603 3597 loeo
614 3531 766 3597 tradendo
778 3553 959 3616 consensus,
972 3553 1033 3597 non
1046 3539 1154 3596 tamen
1165 3531 1205 3596 ad
1217 3552 1318 3596 unum

197 3683 307 3726 omnes
330 3653 442 3726 eadem
464 3659 592 3726 habent.
616 3658 655 3722 In
678 3656 949 3724 Corsendonoensi
972 3657 1059 3722 enim
1071 3657 1208 3743 legitur:
1221 3656 1318 3743 siqui

198 3787 268 3852 sine
290 3787 450 3874 probabili
470 3792 529 3852 eto.
543 3835 550 3849 .
565 3835 594 3868 .,
616 3806 658 3851 ex
670 3806 734 3871 quo
746 3778 879 3870 Lipsius
891 3783 998 3848 omnia
1009 3782 1108 3847 simul
1119 3780 1319 3846 incommoda

197 3914 312 3980 tollens
346 3913 527 3999 proposuit:
563 3910 651 3976 Ante
684 3911 792 3976 omnia
827 3909 979 3990 instituit,
1014 3915 1050 3973 ut
1084 3930 1102 3973 e
1131 3907 1319 3972 libertorum

197 4039 418 4105 defunetorum
454 4037 545 4102 bonis
582 4058 638 4122 pro
671 4037 802 4101 semisse
837 4035 972 4100 dextans
1003 4040 1178 4120 eogeretur,
1210 4033 1320 4120 siqui

197 4165 267 4230 sine
301 4164 460 4252 probabili
493 4183 587 4228 eausa
620 4184 657 4227 eo
688 4161 816 4226 nomine
848 4160 994 4239 fuissent,
1018 4180 1082 4246 quo
1106 4166 1211 4224 essent
1234 4159 1320 4223 ullae

198 4291 342 4355 familiae
366 4310 445 4376 quas
464 4289 534 4376 ipse
557 4288 763 4372 contingeret.

1203 4396 1220 4445 5
