3259 5275
317 1654 322 1665 .
360 1607 400 1674 D.
436 1608 554 1673 Julius.
590 1608 617 1675 0
645 1613 697 1673 25.
726 1610 854 1675 Omumu
881 1610 1020 1674 Galliam
1034 1658 1151 1673 ......
1174 1611 1210 1672 iu
1231 1629 1302 1687 pro-

400 1736 518 1798 vinciae
555 1736 690 1818 formum
722 1736 847 1821 redegit,
877 1737 963 1820 eique
985 1738 1020 1798 io
1043 1736 1182 1818 sinuatos
1204 1755 1304 1798 uanos

399 1861 547 1939 stipendii
569 1863 691 1925 nomiae
714 1861 868 1941 imposuit.
990 1908 995 1922 .

224 2068 313 2134 Haeo
355 2068 498 2152 legentes
540 2069 572 2131 in
613 2068 728 2132 laouna
762 2070 966 2155 apertissima
1000 2069 1179 2135 haeremus.
1216 2068 1303 2144 Quid

181 2215 297 2280 quaeso
338 2190 456 2258 Caesar
497 2192 650 2280 stipendii
692 2194 822 2259 nomine
858 2195 1036 2281 imposuit?
1071 2193 1303 2282 Unusquisque

180 2339 362 2385 mensuram
385 2319 500 2384 tributi
523 2318 683 2384 excidisse
706 2320 804 2386 videt.

222 2445 300 2511 Post
326 2446 461 2532 „eique”
484 2445 552 2511 uod.
576 2443 804 2527 Vatio.‚tradit
829 2445 949 2531 0000,
963 2448 1108 2513 nonnulli
1120 2447 1242 2513 oodioes
1256 2448 1303 2512 ibi

182 2572 336 2655 „nomen”
362 2573 413 2638 vel
440 2571 609 2652 „nomina”
635 2580 767 2637 exarata
789 2572 918 2639 habent.
943 2572 996 2637 Ad
1021 2572 1213 2660 explendam
1228 2594 1303 2640 vero

178 2701 324 2764 lacunam
348 2699 429 2764 hano
454 2706 579 2786 praeter
602 2698 725 2764 oodioes
748 2700 911 2786 imprimis
934 2699 1100 2765 adeundus
1120 2682 1173 2764 est
1187 2699 1303 2766 Eutro-

178 2828 261 2913 pius,
292 2827 350 2913 qui
380 2826 419 2891 de
450 2824 596 2890 Caesaris
619 2826 653 2889 in
677 2823 785 2889 Gallie
807 2826 1014 2912 expeditione
1038 2825 1149 2891 eadem
1173 2825 1240 2891 iere
1262 2825 1302 2890 ad

177 2953 318 3018 litteram
349 2956 431 3038 qn'ae
456 2949 628 3017 Suetonius
652 2951 780 3031 tradens
803 2951 843 3017 de
867 2951 1026 3037 stipendio
1051 2952 1201 3039 imposito
1224 2952 1303 3018 haee

178 3078 291 3143 refert:
329 3075 456 3142 Galliae
490 3085 597 3143 autem
634 3078 750 3142 tributi
786 3078 916 3143 nomine
950 3098 1093 3142 annuum
1131 3078 1303 3164 imperarit

178 3203 361 3268 sestertium
385 3201 658 3287 quadringenties.

221 3328 312 3403 Quae
335 3348 485 3392 mensura
507 3327 661 3414 stipendii
684 3330 760 3414 quia
785 3329 906 3414 optime
929 3350 1003 3393 oum
1027 3321 1186 3393 numerali
1210 3326 1302 3393 Vati·

176 3456 247 3519 eani
281 3453 398 3519 oodiois
433 3454 592 3536 convenit,
628 3474 691 3519 non
724 3453 936 3518 dubitandum
972 3461 1056 3518 esset
1085 3453 1164 3541 quid
1195 3462 1302 3520 nostro

176 3581 243 3646 loao
266 3587 350 3645 esset
372 3579 598 3666 supplendum,
623 3581 686 3644 nisi
709 3580 852 3667 Lipsius,
876 3581 1091 3646 olarissimum
1114 3582 1162 3646 rei
1180 3583 1302 3647 littera·

177 3708 244 3772 riae
266 3707 387 3788 lumen,
412 3706 548 3771 dubium
572 3707 734 3772 movisset.

227 3831 359 3918 Lipsius
393 3811 552 3898 tributum
588 3831 647 3898 hoo
682 3854 739 3919 pro
775 3833 997 3919 magnitudine
1027 3841 1059 3899 et
1083 3834 1208 3899 divitiis
1232 3856 1302 3921 pro·

178 3958 303 4023 vineiae
325 3957 431 4022 lenius
455 3963 571 4042 putans
595 3959 662 4023 loeo
689 3956 991 4044 „quadringenties”
1006 3959 1175 4043 legendnm
1190 3960 1303 4023 statuit
1420 4012 1422 4015 .

181 4089 313 4168 „quater
345 4082 495 4164 millies”,
531 4089 693 4168 praeterea
724 4082 874 4170 Eutropii
910 4085 1008 4149 verba
1031 4104 1113 4169 quae
1136 4103 1233 4169 supra
1255 4085 1302 4148 al·

180 4208 244 4272 leta
266 4215 341 4272 sunt
363 4207 472 4273 eodem
505 4207 597 4274 modo
621 4215 728 4273 censet
751 4209 958 4274 emendanda.
985 4209 1137 4272 Dubitari
1161 4209 1301 4295 proiecto

184 4354 244 4398 non
280 4340 383 4419 potest
405 4335 484 4420 quin
508 4331 626 4399 Caesar
648 4334 856 4400 avidissimus
880 4334 978 4400 fuerit
1000 4336 1166 4421 pecuniae,
1195 4333 1302 4400 Gallia
