3259 5275
847 592 889 653 68

351 796 521 886 Nusquam
547 822 622 866 vero
645 822 686 867 ne
708 802 806 867 verbo
829 801 960 889 quidem
984 800 1145 866 indioatur
1167 801 1338 866 Locustam
1352 801 1433 865 alios

304 925 448 1011 ejusdem
471 927 617 993 oriminis
639 929 856 995 oonvinxisse.

349 1049 459 1138 Atque
482 1052 541 1118 hoe
563 1053 631 1118 loeo
666 1054 838 1140 praeeipue
862 1053 983 1118 mentio
1002 1052 1086 1117 faeta
1097 1051 1254 1117 Locustae
1266 1056 1432 1137 tamquam

305 1178 421 1243 indiois
445 1185 494 1245 est
516 1180 635 1266 inepta,
660 1180 744 1265 quod
768 1180 909 1245 Loeusta
922 1200 1126 1265 nequaquam
1139 1186 1175 1243 ut
1188 1179 1435 1243 uenenariorum

304 1304 403 1369 index
439 1304 494 1369 sed
529 1306 598 1391 ipsa
629 1313 666 1369 ut
689 1306 862 1370 venenaria
884 1304 1068 1389 indueitur;
1092 1303 1265 1369 adhibetur
1285 1304 1372 1368 enim
1397 1309 1434 1365 ut

304 1431 473 1497 molestum
498 1430 637 1496 Neronis
659 1432 825 1497 aemulum
849 1452 971 1497 veneno
996 1431 1176 1495 interficiat.

348 1555 465 1641 Quare,
497 1558 526 1621 si
556 1556 682 1643 aliquid
704 1557 866 1643 legeretur
880 1556 972 1649 quod
995 1577 1067 1620 oum
1093 1556 1208 1620 Dionis
1233 1554 1433 1637 ,deputanda

304 1683 504 1767 arapesstnrffl,
539 1683 591 1748 vel
625 1704 699 1748 oum
731 1682 838 1747 Taciti
864 1683 986 1764 ,multa
1008 1682 1164 1748 seelerum
1189 1681 1295 1745 fama”
1319 1702 1433 1746 eonve-

303 1810 397 1892 niret‚
421 1810 529 1874 statim
554 1809 717 1875 oodioibus
740 1810 836 1875 fidem
860 1810 1065 1875 haberemus.
1077 1810 1174 1875 Forte
1185 1810 1313 1874 fortuna
1324 1814 1432 1873 autem

303 1935 336 1999 id
372 1936 491 2001 laetum
514 1942 579 2020 est,
603 1937 637 2000 in
661 1936 768 2002 oodiee
791 1935 941 2002 Gortiano
956 1922 1051 2002 enim
1076 1943 1108 2001 et
1130 1935 1270 2001 Vindob.
1295 1934 1434 2000 seeundo

303 2062 440 2148 legitur:
472 2063 717 2127 uenenariorum
742 2062 872 2149 inclyta,
896 2062 980 2148 quod
1005 2061 1110 2127 Taciti
1133 2068 1165 2127 et
1188 2061 1302 2126 Dionis
1326 2060 1434 2126 verbis

303 2189 424 2275 optime
458 2188 636 2275 respondet.
674 2187 779 2263 Quam
814 2189 984 2254 lectionem
1019 2190 1117 2254 etiam
1151 2188 1369 2253 Ruhnkenius
1398 2188 1433 2250 in

303 2314 432 2378 scholiis
456 2314 523 2378 suis
547 2314 782 2379 oommendavit
804 2314 856 2378 his
878 2313 1002 2379 verbis:
1027 2312 1102 2378 Viri
1125 2313 1209 2379 doeti
1228 2314 1310 2379 bene
1321 2313 1435 2398 legunt

304 2441 547 2505 uenenariorum
582 2441 713 2526 inclyta.
745 2439 835 2505 Inter
867 2440 985 2504 multas
1008 2461 1084 2505 sane
1107 2446 1140 2505 et
1162 2441 1266 2506 varias
1290 2441 1433 2504 virorum

303 2566 466 2631 dootorum
488 2570 696 2655 conjecturas,
718 2588 801 2654 quae
818 2567 957 2632 averbis
968 2567 1094 2631 traditis
1107 2566 1292 2654 longissime
1304 2565 1434 2645 distant,

303 2693 393 2758 nulla
417 2702 465 2759 est
487 2716 571 2781 quae
594 2715 724 2759 sensum
747 2700 813 2757 tam
839 2693 971 2758 obvium
995 2700 1027 2759 et
1046 2692 1252 2780 perspicuum
1272 2694 1433 2779 praebeat.

304 2819 411 2895 Quare
447 2819 619 2906 legendum
654 2842 766 2886 oenseo
801 2820 835 2884 id
871 2820 956 2906 quod
986 2810 1056 2906 jam
1091 2817 1141 2883 01.
1164 2819 1293 2885 Ernesti
1315 2819 1434 2884 edidit:

305 2944 399 3020 Quod
433 2951 600 3032 aeoeptum
635 2965 654 3008 a
688 2945 827 3032 quadam
859 2944 1012 3029 Lucusta,
1036 2946 1280 3011 uenenariorum
1303 2946 1435 3032 inclyta

486 3230 519 3296 Ο.
552 3231 606 3294 35.
644 3231 898 3296 ...numum
927 3232 1140 3315 paedapopum
1174 3251 1266 3294 suum
1300 3232 1434 3295 iadicem

527 3355 699 3439 subjecerit,
743 3358 798 3441 qai
838 3357 981 3441 fiaperet,
1024 3358 1091 3422 dolo
1130 3364 1309 3437 stupratam
1348 3379 1369 3421 a
1402 3378 1436 3421 se

440 3537 448 3546 .
526 3483 689 3567 fateretur.

350 3705 402 3769 Ita
436 3703 576 3768 Rothius
611 3703 714 3770 edidit
748 3726 791 3769 ex
826 3703 933 3769 oodioe
953 3703 1160 3770 Memmiano.
1183 3702 1303 3769 Voeem
1327 3711 1435 3770 tamen

307 3831 472 3896 molestam
500 3829 686 3914 ,fingeret’',
711 3849 794 3915 quae
818 3830 852 3892 in
876 3829 983 3894 oodiee
1006 3827 1172 3892 Basiliano
1192 3849 1256 3893 non
1275 3829 1436 3915 reperitur

306 3963 338 4022 et
361 3957 491 4022 omnino
514 3954 666 4037 abundat,
690 3976 753 4020 non
774 3955 887 4020 dubito
909 3954 1024 4019 delere.

350 4081 518 4147 Glossema
540 4081 673 4147 fortasse
696 4081 729 4145 in
753 4082 898 4167 margine
921 4080 1118 4166 adscriptum
1139 4086 1247 4165 postea
1259 4080 1292 4143 in
1305 4086 1434 4145 textum

307 4207 449 4294 irrepsit.
474 4205 509 4270 si
533 4227 619 4289 vero,
643 4207 728 4293 quod
752 4207 899 4272 nonnulli
923 4205 1067 4287 eredunt,
1091 4205 1269 4290 genuinum
1293 4211 1342 4270 est
1364 4227 1435 4270 ver-

308 4333 397 4416 bum,
432 4333 472 4397 ad
507 4332 572 4396 alia
607 4333 677 4397 sine
702 4333 767 4398 ullo
791 4334 929 4419 vestigio
952 4330 1119 4418 deperdita
1142 4331 1291 4416 pertinet.
1315 4330 1355 4394 In
1377 4330 1438 4396 hoe
