3259 5275
859 534 958 639 64¹

248 784 249 789 ἵ
315 815 427 858 norum
462 793 537 857 solis
572 792 715 857 bellariis
749 792 895 877 impensa
928 809 997 852 esse
1029 786 1103 871 quis
1127 783 1304 850 verisimile
1328 781 1444 869 putet?

315 920 362 985 At
391 919 430 985 de
460 920 512 983 his
543 918 707 1005 disputent
730 917 796 983 alii.
821 916 956 981 Interim
981 934 1156 1000 proponere
1180 911 1291 975 liceat:
1318 908 1445 973 Indice-

315 1047 370 1111 bat
401 1053 432 1110 et
463 1046 678 1110 familiaribus
708 1065 832 1126 coenas,
864 1064 1002 1129 quorum
1025 1041 1084 1105 uni
1108 1038 1230 1103 mellita
1253 1036 1446 1124 quadragies

316 1174 461 1238 sestertio
484 1172 664 1254 constitere,
688 1170 781 1235 alteri
805 1169 908 1255 pluris
931 1168 1097 1253 aliquanto
1120 1184 1294 1230 rosaceum.

497 1432 531 1497 C.
565 1432 618 1498 28.
654 1431 747 1495 Hanc
772 1430 913 1513 Sporum,
938 1429 1157 1511 Aupustarum
1179 1423 1376 1488 orccmcctts
1398 1442 1449 1483 ex·

540 1558 656 1622 cattam
680 1558 844 1642 lecticaque
867 1561 992 1638 vectum,
1016 1559 1045 1618 ct
1069 1555 1155 1617 circo
1179 1554 1345 1615 concentus
1371 1566 1446 1608 mer-

503 1666 507 1673 *
540 1691 688 1769 actusque
713 1684 867 1749 Graeciae
889 1704 927 1745 cc
950 1702 1020 1745 moa
1043 1680 1162 1743 Romae
1181 1679 1264 1741 circa
1286 1673 1449 1757 Sipillcria

541 1813 706 1875 cornitctus
729 1816 783 1875 est.

364 2032 450 2107 Quid
481 2033 658 2119 significat:
690 2034 774 2098 circa
797 2039 971 2099 conventus
995 2026 1242 2114 mercatusque?
1265 2023 1304 2087 In
1328 2018 1448 2087 vicinia

320 2179 376 2222 seu
412 2180 510 2245 prope
545 2160 613 2223 fora
638 2165 681 2224 ‘et
714 2166 890 2242 mereatum
926 2156 1013 2221 Nem
1049 2156 1151 2242 igitur
1181 2132 1447 2215 Graeciamoum

321 2280 421 2369 Spero
448 2305 620 2370 peragrans
644 2271 790 2348 civitates
814 2304 877 2347 non
902 2284 1043 2348 intravit.
1067 2281 1214 2368 Apparet
1237 2283 1344 2369 tamen
1368 2284 1447 2373 spo.

319 2434 389 2476 rum
421 2412 645 2497 Augustarum
678 2410 873 2475 ornamentis
903 2408 1025 2474 cultum
1050 2409 1150 2474 fuisse
1174 2416 1210 2475 ut
1232 2410 1273 2474 ab
1296 2411 1447 2475 omnibus

317 2538 561 2623 conspiceretur.
597 2535 779 2601 Lenissima
814 2534 991 2598 mutatione
1026 2554 1106 2619 opus
1141 2541 1198 2599 est.
1230 2534 1294 2599 Pro
1320 2535 1444 2616 „eirca”

317 2663 387 2749 lege
414 2663 586 2746 „circum”‚
610 2662 695 2750 quod
719 2663 847 2748 saepius
870 2661 956 2747 apud
980 2660 1169 2726 Suetonium
1193 2684 1288 2727 sensu
1312 2663 1369 2749 qui
1392 2661 1447 2726 hic

318 2789 495 2875 requiritur
528 2789 674 2853 occurrit.
711 2786 756 2852 Ut
790 2809 892 2852 unum
928 2788 1032 2852 locum
1068 2785 1241 2852 afferamus
1276 2811 1306 2853 v.
1342 2786 1448 2872 Oaiig.

321 2937 347 2981 c.
373 2913 433 2978 28:
466 2916 600 3000 opinans
626 2915 698 2988 *sibi
721 2936 851 3001 quoque
873 2915 987 2979 exules
1010 2935 1084 2978 suos
1108 2920 1243 2980 mortem
1267 2915 1448 3000 imprecari,

322 3041 411 3104 misit
444 3041 565 3106 circum
600 3041 731 3125 insulas,
764 3043 822 3128 qui
854 3043 1020 3106 universos
1054 3040 1318 3106 contrucidarent.
1355 3040 1451 3106 Patet

322 3188 383 3230 non
415 3168 448 3231 in
481 3169 600 3233 vicinia
630 3168 811 3233 insularum
842 3168 897 3233 sed
928 3169 961 3231 in
993 3168 1072 3253 ipsis
1103 3168 1217 3231 insulis
1241 3167 1314 3231 illas
1338 3167 1450 3232 caedes

321 3290 419 3357 factas
443 3315 521 3358 esse.
546 3292 649 3358 Voces
676 3293 799 3374 „circa”
824 3299 856 3357 et
882 3293 1044 3374 „circum”
1067 3314 1130 3356 non
1155 3312 1224 3357 raro
1249 3298 1449 3357 commutan-

165 3419 166 3422 '
223 3496 225 3501 ,
322 3429 384 3503 tur,
408 3419 493 3506 quod
518 3420 615 3504 vulgo
640 3419 711 3483 fieri
735 3424 839 3504 potest
861 3426 981 3483 utnon
1006 3419 1115 3483 sensui
1139 3419 1310 3485 verborum
1335 3439 1446 3483 nocea-

241 3523 242 3528 ἵ
320 3554 384 3628 tur,
419 3566 493 3609 cum
517 3545 611 3609 ambo
634 3544 701 3609 fere
724 3565 851 3630 semper
875 3544 960 3609 idem
984 3544 1175 3630 significent.
1200 3544 1247 3608 At
1273 3545 1377 3631 „circa
1399 3543 1449 3606 in-

319 3673 416 3754 sulas,
448 3673 532 3736 circa
563 3672 679 3736 urbes”
712 3691 878 3756 nunquam
910 3692 967 3756 pro
1001 3692 1078 3757 „per
1103 3691 1213 3736 omnes
1237 3671 1370 3754 insulas,
1393 3691 1452 3756 per

279 3837 281 3842 ,
321 3819 430 3862 omnes
455 3797 571 3861 urbes”
595 3797 768 3879 inveneris,
788 3817 852 3882 quo
872 3817 968 3860 sensu
983 3797 1144 3877 „circum”
1158 3795 1245 3882 apud
1258 3794 1450 3861 Suetonium

323 3944 418 4010 saepe
441 3923 587 3988 occurrit.

506 4181 537 4246 Ο.
562 4181 615 4245 32.
639 4182 723 4244 Acte
745 4182 851 4245 omnio
873 4182 1020 4264 instituit,
1043 4187 1078 4245 at
1097 4203 1114 4244 c
1132 4181 1312 4246 libertorum
1324 4183 1450 4267 defunc-

548 4312 650 4371 torum
674 4307 760 4370 bonis
776 4328 839 4391 pro
862 4309 984 4371 semisse
1008 4308 1139 4371 doctam
1161 4308 1188 4370 ei
1209 4314 1376 4392 coperctur,
1396 4311 1452 4393 qui
