3259 5275
750 604 769 665 3

196 819 276 894 erat,
316 833 335 875 a
376 833 440 899 quo
481 813 579 877 etiam
623 812 809 899 imperatori
841 799 991 897 ‘Trojano
1031 810 1323 877 commendabatur.

243 938 402 1002 Defuncto
434 959 509 1003 vero
532 938 640 1003 Plinio
663 939 697 1001 in
722 936 857 1025 Septicii
880 936 968 1001 Glari
991 937 1143 1024 praefecti
1167 936 1325 1023 praetorio

196 1065 375 1128 amicitiam
399 1070 431 1129 91
453 1066 585 1129 tutelam
609 1066 747 1147 transiit,
772 1086 836 1152 quo
855 1072 983 1130 auctore
995 1072 1148 1150 regnante
1160 1063 1326 1127 Hadriano

197 1191 295 1253 etiam
327 1191 538 1276 epistularum
568 1192 721 1275 magister
744 1191 848 1255 factus
872 1197 929 1258 est.
954 1189 1179 1255 Clarissimum
1204 1190 1326 1255 littera·

198 1337 272 1379 rum
295 1316 415 1398 lumen,
439 1317 520 1380 alter
543 1315 647 1381 Varro
669 1337 706 1381 99
728 1322 832 1382 991919
856 1317 946 1382 visus
969 1324 1026 1381 991.

245 1442 290 1506 At
309 1444 377 1527 jam
403 1443 514 1529 paucis
538 1442 631 1507 annis
655 1449 734 1529 post,
758 1464 833 1507 cum
856 1443 1059 1529 antiquitatis
1083 1442 1219 1507 studiosi
1231 1440 1325 1506 (lato-

199 1590 273 1633 nem
305 1564 468 1649 Ciceroni,
505 1566 648 1632 Ennium
680 1567 821 1653 Virgilio
845 1568 1051 1655 praeferrent,
1074 1589 1094 1631 a
1117 1568 1237 1655 quibus
1259 1575 1326 1631 stu-

199 1694 264 1757 diis
288 1692 461 1759 Suetonius
486 1700 553 1758 erat
576 1694 711 1774 alienus,
735 1694 839 1779 gloria
851 1694 909 1758 illa
919 1694 1083 1759 obscurari
1095 1700 1128 1759 91
1138 1714 1327 1759 9191999919

201 1819 317 1904 coepit.
340 1818 447 1905 Opera
471 1818 656 1905 Tranquilli
680 1840 742 1883 non
766 1839 805 1883 ea
829 1839 892 1905 qua
915 1824 989 1883 ante
1000 1818 1096 1884 laude
1107 1819 1325 1901 nominantur,

199 1946 266 2009 imo
289 1965 359 2009 raro
382 1944 421 2009 de
445 1944 486 2007 iis
508 1943 632 2030 aliquid
655 1944 815 2009 audimus.
841 1944 948 2009 Aulus
971 1944 1097 2010 Gellius
1120 1945 1169 2009 bis
1188 1951 1324 2027 tantum,

201 2070 384 2135 Macrobius
407 2091 566 2156 nusquam
589 2072 659 2155 ejus
683 2070 879 2135 mentionem
903 2071 989 2136 fecit.

245 2197 323 2262 Post
357 2196 438 2261 illud
473 2204 581 2261 autem
616 2196 834 2280 intervallum,
869 2196 952 2282 quod
987 2196 1224 2261 Antoninorum
1259 2197 1344 2262 fere.

202 2346 300 2411 reguo
330 2331 513 2411 occupatur,
543 2324 669 2389 saeculo
695 2324 789 2387 tertio
812 2322 919 2387 studia
942 2321 1147 2407 Suetoniana,
1170 2345 1253 2409 quae
1277 2345 1324 2387 19-

202 2451 369 2531 frixeraut,
401 2450 599 2515 reviviscunt
629 2457 661 2515 et
690 2421 831 2514 9119111119
861 2450 1036 2535 viguerunt
1067 2471 1170 2537 usque
1200 2451 1235 2514 iu
1260 2471 1325 2515 me·
1410 2510 1413 2514 .

203 2576 293 2641 dium
323 2597 450 2642 aevum.
474 2575 525 2641 Ita
550 2574 582 2640 S.
607 2574 838 2663 Hieronymus,
862 2575 1076 2641 clarissimum
1101 2575 1182 2640 illud
1205 2575 1326 2641 saeculi

204 2705 309 2789 quarti
343 2704 463 2785 lumen,
495 2724 568 2767 cum
601 2703 753 2768 scriberet
782 2702 904 2766 librum
935 2723 1030 2766 suum
1065 2701 1124 2782 ,de
1144 2702 1325 2765 illustribus

204 2830 283 2893 viris
317 2828 358 2893 ab
393 2827 543 2915 apostolis
573 2849 675 2914 usqne
705 2827 745 2892 ad
775 2835 914 2892 nostram
945 2827 1103 2893 aetatem'’
1136 2825 1324 2891 Suetonium

204 2954 302 3040 elegit
324 2975 420 3041 quem
444 2954 648 3040 potissimum
672 2954 864 3037 imitaretur,
891 2961 948 3034 ,ut
970 2953 1054 3040 quod
1074 2954 1130 3019 ille
1148 2953 1326 3018 inenume-

205 3081 311 3145 randis
344 3081 515 3167 gentilium
546 3080 726 3146 litterarum
759 3079 861 3143 viris'’
892 3079 1019 3161 fecerat,
1050 3079 1120 3164 ipse
1134 3062 1136 3066 ’
1150 3078 1268 3143 faceret
1292 3077 1325 3140 in

205 3206 406 3272 Christianis.
432 3207 541 3293 Atque
564 3206 650 3272 idem
673 3207 708 3270 iu
730 3205 927 3291 praefatione
950 3205 990 3269 ad
1013 3205 1184 3270 chronicon
1204 3204 1326 3268 Eusebi

205 3341 338 3398 testatur
368 3355 401 3398 99
434 3333 535 3396 multa
558 3331 598 3395 de
621 3331 810 3417 Tranquillo
833 3336 865 3396 91
887 3331 1001 3396 9919119
1024 3330 1205 3395 illustribus
1228 3329 1327 3394 histo·

205 3460 279 3523 ricis
313 3459 531 3523 curiosissime
566 3459 776 3544 excerpsisse.
813 3455 858 3520 Ut
888 3463 995 3522 antem
1029 3456 1249 3543 Hieronymus
1280 3457 1326 3520 919

206 3585 339 3670 plurimi
369 3584 436 3649 alii.
469 3583 586 3648 Exstat
617 3583 731 3668 longus
761 3582 848 3665 ordo,
879 3584 936 3668 qui
959 3583 1074 3670 incipit
1096 3604 1115 3646 a
1139 3583 1327 3648 Venerabili

205 3703 292 3774 Beda
323 3717 355 3775 91
376 3732 434 3796 per
455 3716 557 3774 totum
582 3709 648 3773 fere
672 3708 814 3773 modium
838 3728 955 3772 aevum
978 3709 1192 3789 continuatur,
1216 3698 1327 3772 eorum

204 3837 261 3923 qui
297 3834 443 3900 Suetonii
465 3836 564 3900 libros
591 3834 649 3916 ,de
673 3856 779 3899 rorum
803 3834 949 3899 naturis”
974 3834 1093 3898 imitati
1115 3834 1223 3897 simile
1247 3854 1327 3919 opus

205 3962 315 4026 eodem
339 3962 433 4026 titulo
457 3963 646 4049 inscriptum
670 3960 789 4025 chartis
813 3959 1044 4025 mandaverint.
1057 3959 1089 4023 N
1092 3981 1127 4024 ec
1139 3980 1209 4024 raro
1222 3958 1328 4024 studio

206 4085 355 4151 imitandi
391 4108 502 4151 verum
534 4085 645 4151 cedere
672 4085 859 4170 jubebatur.
892 4083 945 4149 Sic
959 4101 963 4107 '
977 4083 1142 4170 Eginhard
1174 4084 1239 4164 ille,
1271 4084 1329 4169 qui

206 4235 289 4278 anno
327 4214 392 4276 830
428 4210 535 4276 Oaroli
571 4210 682 4296 Magni
717 4211 818 4274 vitam
853 4211 1051 4296 conscripsit,
1088 4216 1152 4274 tam
1187 4208 1329 4275 studiose

209 4338 355 4404 Suetonii
380 4337 516 4423 vestigia
539 4338 663 4424 pressit,
687 4342 722 4400 ut
747 4334 908 4398 interdum
931 4324 1105 4400 sententias
1129 4336 1270 4420 integras
1288 4336 1328 4399 ab
