3259 5275
741 588 898 649 71.

192 798 354 885 disputata
388 800 529 886 reperi03
562 821 626 885 quo
650 798 742 864 modo
765 798 977 885 explicandus
1000 799 1044 864 sit
1066 798 1225 881 dubitant,
1249 821 1321 863 con·

186 924 330 1010 jentandi
352 932 421 991 arte
444 926 589 991 nonnulli
614 925 719 990 lucem
742 923 858 990 afferre
882 931 1097 990 tantaverant.
1123 922 1237 1012 Capite
1260 925 1320 990 boc

194 1022 387 1115 describitur
421 1050 578 1137 quomodo
609 1050 696 1116 Nero
729 1051 763 1114 in
801 1051 912 1116 villam
949 1049 1091 1116 Phaonis
1127 1051 1320 1138 pervenerit.

192 1175 330 1261 Legenti
342 1176 424 1240 mibi
436 1178 649 1243 narrationem
662 1182 774 1263 sponte
786 1178 856 1243 sine
869 1178 935 1241 ulla
947 1177 1149 1243 dubitatione
1157 1176 1236 1242 baec
1246 1183 1321 1241 nata

193 1309 241 1369 est
261 1303 366 1389 ipsius
390 1303 437 1368 rei
461 1304 577 1388 imago.
602 1300 685 1369 Oum
710 1302 797 1368 Nero
818 1304 978 1391 paucique
990 1306 1062 1391 ejus
1074 1303 1207 1369 comites
1220 1324 1319 1389 prope

193 1429 305 1493 villam
336 1429 509 1511 venissent,
535 1450 555 1492 a
578 1430 631 1494 via
655 1430 785 1515 publica
809 1435 1017 1513 recesserunt,
1042 1429 1158 1495 deinde
1182 1450 1239 1516 per
1262 1430 1318 1494 ha·

193 1554 356 1620 rundineti
379 1555 526 1620 semitam
547 1555 587 1619 ad
605 1576 755 1621 aversum
767 1556 866 1621 villae
878 1557 1034 1643 parietem
1048 1564 1263 1643 pervenerunt
1276 1597 1317 1606 -

194 1702 309 1768 nempe
331 1681 372 1745 ad
395 1703 469 1748 eum
493 1682 551 1769 qui
574 1704 594 1747 a
616 1683 670 1747 via
692 1683 821 1769 publica
844 1704 975 1749 aversus
998 1690 1084 1767 erat3
1104 1684 1247 1749 sicenim
1262 1705 1318 1770 pro

197 1808 407 1889 „adversum”
427 1830 496 1874 esse
508 1808 679 1895 legendum
691 1810 895 1875 consentiunt
907 1832 959 1876 vv.
972 1809 1024 1876 dd.
1039 1849 1092 1873 -.
1106 1807 1146 1872 In
1158 1810 1320 1896 trajicien-

193 1931 244 1996 dis
273 1932 427 2018 vepribus
457 1939 577 1998 vestem
608 1934 669 1999 sub
693 1934 829 2020 pedibus
854 1937 969 2000 stravit
994 1957 1033 2001 ne
1057 1935 1199 2000 stimulis
1222 1934 1319 2021 pedes

192 2059 417 2123 lacerarentur.
442 2057 603 2123 Effoditur
626 2058 740 2125 deinde
763 2079 908 2142 caverna,
934 2081 991 2147 per
1014 2081 1111 2147 quam
1136 2058 1169 2122 N
1170 2080 1223 2125 ero
1244 2059 1320 2125 sub·

194 2191 244 2251 ter
266 2185 420 2272 parietem
443 2186 525 2250 clam
549 2185 731 2273 quadrupes
754 2188 788 2249 in
811 2188 924 2252 cellam
949 2187 1093 2273 aliquam
1118 2187 1226 2272 repsit.
1250 2185 1321 2250 An·

193 2316 324 2396 tequam
347 2318 455 2375 autem
480 2309 567 2375 Nem
585 2312 620 2373 in
640 2331 808 2376 cavernam
829 2310 992 2377 descendit
1014 2310 1156 2391 „divolsa
1175 2309 1321 2375 sentibus

194 2437 333 2523 paenula
355 2439 501 2523 trajectos
524 2437 667 2501 surculos
690 2437 798 2500 rasit”.
823 2436 863 2499 In
887 2436 938 2501 his
962 2437 1107 2501 laborant
1119 2437 1320 2522 interpretes.

193 2563 368 2651 Explicant
397 2565 484 2628 enim
516 2562 687 2645 Neronem,
720 2568 886 2651 postquam
919 2584 1031 2650 vepres
1063 2563 1176 2645 evasit,
1205 2562 1321 2626 rasisse

194 2692 350 2773 surculos,
387 2693 408 2755 i.
422 2712 450 2755 e.
481 2692 579 2776 juxta
612 2711 665 2755 eos
697 2691 887 2771 cucurrisse,
919 2690 989 2755 sive
1021 2695 1057 2754 ut
1081 2688 1263 2775 perveniret
1287 2688 1320 2750 in

193 2839 363 2883 cavernam
404 2818 473 2883 sive
512 2816 576 2880 alia
610 2816 649 2881 de
684 2836 779 2881 causa
814 2838 943 2904 prorsus
978 2817 1097 2901 ignota.
1138 2813 1321 2900 „Trajectos

194 2944 360 3010 surculos‘’
395 2945 453 3007 alii
487 2944 581 3008 aliter
612 2943 782 3029 explicant.
808 2942 918 3027 Vulgo
940 2949 1047 3007 tamen
1071 2941 1260 3024 intelligunt
1282 2939 1322 3004 de

193 3069 358 3135 fruticeto
373 3070 492 3155 aliquo,
524 3067 610 3155 apud
642 3068 828 3153 scriptorem
852 3072 997 3132 nostrum
1021 3087 1084 3130 non
1107 3065 1248 3151 amplius
1273 3064 1321 3127 in-

192 3196 307 3277 dicato,
332 3194 417 3282 quod
441 3193 624 3259 occurrebat
648 3191 771 3257 Neroni
795 3191 998 3258 descendenti
1021 3193 1055 3255 in
1079 3211 1259 3272 cavernam,
1281 3188 1321 3253 de

193 3321 343 3385 fruticeto
364 3319 491 3385 diverso
514 3341 533 3383 a
555 3318 718 3404 vepribus,
742 3319 800 3403 qui
824 3324 898 3382 ante
922 3317 1078 3381 nominati
1101 3322 1187 3380 sunt.

244 3446 396 3529 „Divolsa
428 3444 586 3532 paenula’'
617 3444 820 3529 intelligunt:
853 3463 936 3530 quae
959 3443 1104 3508 sentibus
1126 3448 1195 3508 erat
1218 3442 1321 3528 perfo-

194 3579 272 3638 rata.
297 3571 468 3659 *Quomodo
490 3571 522 3635 id
546 3571 609 3636 eibi
631 3571 739 3634 animo
762 3569 885 3655 fingant
907 3569 991 3655 quod
1015 3568 1103 3634 Nero
1126 3568 1211 3650 fecit,
1237 3575 1321 3654 post·

194 3718 294 3786 quam
325 3720 438 3786 vepres
461 3698 572 3780 evasit,
596 3703 768 3782 antequam
792 3697 826 3759 in
849 3715 1019 3761 cavernam
1043 3693 1215 3775 descendit,
1239 3691 1322 3756 mibi

194 3826 402 3914 perspicuum
437 3844 499 3888 non
531 3829 589 3889 est.
625 3822 739 3888 Nonne
770 3822 872 3886 multo
900 3821 1036 3886 lucidior
1059 3820 1198 3885 narratio
1222 3819 1268 3901 fit,
1292 3820 1322 3883 si

194 3972 296 4038 pauca
318 3950 476 4036 quaedam
500 3948 597 4034 vulgo
620 3948 763 4034 neglecta
786 3947 1030 4012 observaveris?
1054 3945 1087 4009 N
1088 3967 1141 4012 ero
1165 3952 1321 4010 straverat

194 4084 328 4144 vestem.
364 4075 527 4140 Straverat
560 4075 682 4139 soilioet
715 4074 895 4160 paenulam.
921 4072 1017 4137 Nunc
1041 4092 1110 4137 eam
1136 4092 1155 4135 a
1178 4071 1323 4136 sentibus

194 4205 323 4270 divellit
345 4211 377 4269 et
399 4201 552 4284 surculos,
574 4201 632 4287 qui
655 4220 804 4286 peream
828 4205 918 4262 erant
939 4198 1073 4283 traJccti,
1093 4196 1177 4260 radit
1199 4235 1239 4244 —
1254 4194 1327 4261 eraf

194 4330 328 4415 strijken
354 4368 406 4391 —.
438 4327 614 4391 Paenulam
644 4347 717 4390 eum
749 4325 900 4387 stravisse
927 4321 1155 4408 potiusquam
1179 4321 1320 4385 tunicam
