3259 5275
905 578 944 641 18

350 800 420 857 tum
448 799 505 859 est.
531 791 730 879 Tarquinius
754 791 885 855 Priscus
909 790 949 854 ad
973 796 1079 878 patres
1103 796 1226 856 veteres
1248 813 1347 856 novos
1372 797 1480 877 patres

350 919 488 1006 adlegit;
531 940 639 984 recens
682 917 797 984 adlecti
832 917 1028 983 vocabantur
1062 925 1167 1003 patros
1203 918 1364 981 minorum
1399 938 1477 1003 gen-

348 1047 442 1129 tium,
467 1054 590 1111 veteres
611 1052 719 1133 patres
743 1046 901 1132 majorum
925 1045 1082 1129 gentium.
1107 1041 1269 1130 Utrosquo
1289 1045 1477 1131 voropatri·

347 1175 413 1239 cios
436 1174 536 1240 fuisse
559 1175 592 1237 in
616 1180 726 1260 aperto
749 1181 806 1255 ast,
830 1194 906 1237 nam
931 1179 1035 1259 patres
1058 1193 1116 1237 seu
1137 1179 1244 1259 patres
1264 1172 1406 1235 familias
1420 1172 1477 1235 illa

346 1303 535 1389 pracsertim
558 1309 662 1367 aetate
686 1323 747 1367 non
771 1301 888 1365 aliiae
912 1299 1041 1387 patricii
1065 1306 1165 1365 erant.
1189 1298 1363 1363 Suetonius
1386 1299 1474 1363 nihi-

345 1429 485 1493 lominus
518 1428 623 1492 addit:
662 1434 791 1514 „postea
821 1447 840 1490 a
865 1391 978 1491 Servio
1001 1424 1110 1490 Tullio
1133 1425 1167 1488 in
1192 1424 1343 1511 patricias
1367 1426 1474 1510 gentis

344 1553 520 1618 traducta.'’
545 1553 595 1618 De
619 1553 726 1618 vorbis
753 1553 806 1634 „in
830 1551 998 1617 senatum”
1023 1550 1173 1615 dubitant
1195 1557 1305 1615 utrum
1330 1572 1403 1615 cum
1432 1552 1472 1614 iis

343 1701 407 1765 quo
429 1678 621 1744 antecedunt
644 1699 683 1741 an
708 1698 782 1742 oum
805 1676 1015 1763 sequentibus
1037 1676 1102 1740 sint
1123 1675 1354 1762 conjungenda.

387 1802 546 1869 Nonnulli
568 1824 606 1869 ea
630 1802 764 1869 delenda
786 1808 990 1868 censuerunt.

385 1928 518 1995 Codices
544 1936 651 1995 autem
676 1930 844 1994 fluctuant.
867 1929 1000 1993 Praeter
1023 1928 1191 1994 lectionem
1215 1948 1312 2014 supra
1335 1929 1467 1993 allatam

337 2056 371 2120 in
395 2055 502 2122 codice
526 2055 733 2137 Mammiano,
757 2055 790 2117 in
814 2053 940 2118 duobus
964 2052 1122 2117 Palatinis
1144 2060 1176 2118 ot
1199 2052 1284 2118 Med.
1306 2075 1353 2140 pr.
1367 2053 1465 2120 habe·

340 2187 410 2245 tur:
451 2181 554 2263 „inter
588 2182 686 2245 minis
720 2180 863 2267 gentes,'’
889 2179 1057 2244 Palatinus
1080 2180 1195 2244 tertius
1218 2179 1331 2244 tradit:
1360 2182 1465 2261 „inter

334 2306 496 2371 Romanas
519 2307 657 2391 gentis.'’

379 2431 470 2505 Quae
504 2432 620 2496 ultima
643 2431 747 2515 lectio,
772 2433 850 2519 quia
872 2432 1004 2497 obvium
1028 2454 1158 2497 sensum
1182 2432 1323 2519 praebet,
1349 2432 1461 2498 multis

333 2557 412 2621 viris
447 2556 547 2621 doctis
582 2563 630 2622 est
664 2556 806 2645 probata.
845 2555 933 2622 Gens
968 2556 1175 2623 Octaviorum
1212 2557 1313 2644 igitur
1336 2579 1356 2621 a
1380 2557 1458 2621 Tar·

330 2683 442 2768 quinio
466 2682 577 2748 Prisco
600 2690 648 2748 est
669 2683 815 2748 Romana
839 2684 932 2766 facta,
956 2652 976 2747 a
1000 2683 1112 2751 Servio
1136 2684 1244 2749 Tullio
1264 2691 1313 2749 est
1332 2692 1457 2771 recepta

330 2809 415 2874 inter
437 2809 599 2895 patricios.

373 2933 509 2999 Restant
541 2933 647 2999 adhue
682 2934 780 2999 verba
806 2935 860 3015 „in
883 2935 1063 2999 sonatum”.
1087 2935 1239 3001 Lectione
1266 2937 1370 3017 „inter
1392 2936 1456 3001 Ro·

327 3080 437 3124 manas
471 3060 598 3145 gantis'’
634 3059 774 3124 admissa
808 3082 872 3124 non
908 3068 1041 3146 possunt
1063 3062 1224 3148 pertinere
1247 3061 1287 3124 ad
1310 3083 1348 3126 ea
1372 3083 1454 3149 quae

325 3186 534 3270 antecedunt3
570 3208 645 3272 ergo
679 3193 736 3250 aut
769 3194 845 3251 sunt
875 3187 1041 3272 jungenda
1075 3209 1148 3252 cum
1184 3188 1453 3272 consequentibus

324 3320 381 3376 aut
414 3311 557 3377 delenda.
589 3311 680 3378 Inter
702 3333 785 3399 quae
808 3313 928 3377 dubius
950 3312 1076 3379 haereo.
1101 3313 1173 3387 Quo
1196 3320 1303 3377 autem
1328 3314 1452 3377 diutius

324 3446 356 3504 et
386 3439 565 3502 accuratius
587 3438 692 3502 locum
718 3438 803 3504 hune
826 3446 934 3504 mente
957 3440 1086 3503 revolvo
1109 3461 1170 3504 non
1196 3439 1346 3505 videntur
1369 3439 1450 3502 mihi

323 3564 421 3628 verba
463 3564 516 3644 „in
554 3563 723 3627 senatum’'
759 3565 891 3629 omnino
925 3584 1124 3648 supervacua
1157 3587 1236 3631 esse.
1271 3565 1322 3629 De
1355 3572 1448 3630 aucto

319 3690 405 3754 enim
442 3709 576 3753 numero
600 3694 784 3753 senatorum
807 3696 839 3753 et
863 3687 1072 3774 patriciorum
1093 3691 1162 3775 jam
1185 3690 1366 3776 antiquitus
1388 3690 1447 3753 du·

318 3812 409 3877 bium
442 3813 640 3896 movebatur,
671 3834 770 3900 quare
801 3812 975 3878 Suetonius
998 3811 1140 3897 fortasse,
1165 3821 1201 3878 ut
1224 3815 1445 3900 perspicuitati

316 3938 505 4020 consuleret,
530 3937 648 4002 diserte
669 3937 850 4003 enuntiavit
873 3942 1003 4021 gentem
1024 3935 1190 4003 Octaviam
1210 3938 1250 4002 ad
1271 3945 1444 4025 utrumque

314 4065 467 4129 honorem
491 4086 560 4129 esse
583 4071 775 4150 provectam.
798 4064 904 4138 Quam
925 4063 965 4127 ob
985 4084 1113 4127 causam
1133 4066 1161 4128 si
1175 4065 1273 4129 verba
1287 4065 1341 4144 „in
1353 4086 1442 4130 sena·

312 4188 404 4254 tum”
429 4195 554 4254 servata
576 4210 652 4254 cum
675 4189 717 4253 iis
736 4211 819 4276 quae
840 4195 1021 4275 sequuntur
1039 4191 1224 4274 conjungas,
1236 4188 1341 4253 adhuc
1362 4211 1441 4276 opus

312 4337 382 4381 osso
406 4314 534 4381 videtur
555 4316 714 4406 particula
739 4317 822 4400 „et”
