3259 5275
711 580 751 641 59

162 784 361 849 laudandam
397 807 518 851 censeo.
554 785 669 872 Neque
702 788 729 851 si
754 787 786 850 in
810 786 917 851 codice
940 786 1049 871 aliquo
1072 786 1117 848 sic
1141 785 1295 870 scriptum

164 918 263 995 esset,
303 911 376 975 aliis
412 911 698 1000 quomodocunque
732 914 889 998 corruptis
924 911 1115 977 lectionibus
1150 912 1223 975 freti
1257 912 1297 975 ad

160 1038 365 1122 conjecturas
399 1037 655 1124 confugeremus,
691 1038 745 1103 sed
777 1039 846 1103 sine
878 1038 943 1101 ullo
976 1037 1074 1102 dubio
1097 1038 1295 1122 legeremus:

162 1162 443 1227 excellentissimo
468 1164 568 1247 cultu,
592 1166 682 1251 puris
707 1166 808 1229 laenis
831 1186 868 1228 ao
887 1165 957 1229 sine
981 1163 1087 1228 anulo.

351 1460 384 1527 Ο.
412 1461 465 1527 21.
499 1460 663 1525 Dulilooil
686 1465 779 1527 ctiam
804 1485 846 1527 ac
863 1464 1002 1547 privatis
1024 1463 1206 1543 spectaculis
1229 1482 1297 1542 ope-

391 1609 462 1652 ram
492 1590 573 1652 inter
596 1590 728 1653 scoticos
751 1590 851 1674 daret,
876 1590 1010 1674 quodam
1028 1594 1213 1673 praetorum
1238 1609 1296 1651 scs·

392 1721 506 1778 tortam
529 1716 625 1779 decies
647 1716 796 1795 offerente.

216 1922 306 1988 Haec
329 1931 377 1989 est
400 1925 494 1990 lectio
517 1925 634 1990 codicis
658 1924 861 2009 Salmasiani,
886 1947 969 2011 quae
989 1925 1098 1990 eadem
1120 1925 1204 2010 apud
1218 1924 1298 1989 alios

166 2050 350 2131 nonnullos,
375 2051 458 2115 inter
481 2072 561 2137 quos
585 2057 660 2115 sunt
673 2048 870 2137 Oopesianus
883 2058 914 2116 et
927 2050 1115 2133 Vossianus,
1129 2051 1298 2137 reperitur,

167 2176 236 2240 nisi
270 2176 355 2262 quod
390 2198 446 2263 pro
484 2179 564 2258 „an”
600 2178 633 2240 in
665 2177 738 2240 aliis
769 2183 896 2263 praeter
919 2175 1155 2241 Salmasianum
1180 2177 1300 2262 legitur

171 2304 261 2385 „in''.
297 2301 388 2376 Quae
412 2324 487 2368 vero
511 2304 544 2366 in
569 2304 682 2368 ceteris
706 2303 869 2367 codicibus
893 2310 968 2367 sunt
990 2309 1123 2367 exarata
1145 2323 1218 2366 cum
1243 2302 1300 2366 illa

167 2429 306 2494 lectione
341 2429 508 2493 manifeste
544 2435 696 2515 pugnant.
734 2428 873 2495 Vindob.
910 2429 1034 2515 primus
1065 2434 1097 2492 et
1129 2425 1299 2493 Continuus

167 2554 318 2620 tradunt:
355 2576 412 2620 neo
447 2554 609 2619 dubitavit
644 2554 741 2619 etiam
777 2555 912 2642 privatis
947 2554 1137 2640 spectaculis
1171 2574 1299 2641 operam

169 2683 256 2746 inter
278 2683 418 2747 scenicos
442 2681 527 2764 dare,
552 2682 667 2747 ceteri:
693 2703 754 2746 non
779 2681 941 2746 dubitavit
952 2683 1050 2746 etiam
1064 2681 1199 2768 privatis
1212 2703 1300 2767 speo-

167 2808 286 2873 taculis
309 2829 436 2893 operam
462 2808 545 2872 inter
568 2809 708 2872 scenicos
728 2806 813 2872 darc.
835 2805 952 2872 (lodice
964 2806 1162 2871 Salmasiano
1174 2813 1302 2871 auctore

169 2932 260 2999 Nero
295 2954 406 3019 reapse
439 2954 500 2998 non
537 2933 656 3018 prodiit
687 2933 822 3019 privatis
854 2933 1055 3019 spectaculis,
1087 2933 1144 2995 alii
1179 2930 1329 2996 codices.

169 3066 282 3146 aperte
318 3064 474 3124 testantur
508 3080 583 3123 eum
619 3060 688 3124 sine
722 3060 923 3124 cunctatione
955 3058 1089 3144 privatis
1113 3057 1302 3144 spectaculis

169 3207 301 3273 operam
337 3185 471 3251 dedisse.
508 3183 626 3249 Utrum
661 3193 709 3250 est
744 3186 883 3250 verum?
907 3182 1116 3250 Conferamus
1141 3184 1302 3270 imprimis

170 3313 311 3377 Dionem
347 3310 506 3395 Cassium,
543 3313 601 3399 qui
638 3319 673 3376 ut
707 3313 740 3375 in
767 3312 840 3376 aliis
864 3312 1009 3398 partibus
1034 3310 1302 3395 Tranquillume

171 3439 310 3523 vestigio
333 3439 481 3525 sequitur
504 3439 550 3502 sic
574 3440 607 3500 in
633 3438 800 3502 narrandis
826 3438 964 3503 Neronis
977 3440 1010 3500 in
1023 3438 1147 3504 theatro
1160 3439 1303 3504 victoriis

171 3583 287 3648 parum
320 3563 371 3627 vel
402 3561 486 3626 nihil
516 3564 557 3626 ab
581 3585 618 3628 eo
642 3562 810 3650 discrepat.
837 3563 875 3630 L.
903 3565 943 3627 63
968 3586 993 3629 o.
1020 3566 1058 3628 21
1086 3564 1164 3630 haec
1187 3565 1302 3630 tradit:

172 3688 301 3769 Λοὶρκνος
332 3689 363 3754 δὲ
386 3714 430 3760 τνς
455 3691 552 3761 Λυδὸς
576 3693 732 3770 προσῆλθεν
757 3693 835 3770 αὐτῷ
860 3691 949 3754 πέντε
972 3691 1022 3755 καὶ
1049 3690 1134 3756 εἴκοσι
1158 3693 1303 3771 popilliae

175 3857 217 3866 -
252 3817 355 3881 decies
386 3817 568 3880 sestertium
602 3856 642 3864 -
676 3818 842 3896 προσφέρων
872 3815 918 3880 ἵνα
944 3819 1121 3898 κνθονρςοδήσρ
1146 3843 1194 3882 um
1218 3817 1247 3890 ὃς
1271 3821 1303 3882 τὸ

174 3943 231 4020 μὲν
261 3942 391 4022 οὶργύρνον
420 3941 613 4019 circitello,
640 3940 815 4016 irc-{dccc
841 3946 943 4019 μισθοῦ
967 3967 994 4006 τν
1018 3951 1135 4017 πονῆτοον
1162 3946 1231 4028 (καὶ
1255 3946 1304 4009 tit

175 4073 260 4132 τοῦτο
291 4077 466 4146 Τιγελλῖνος
498 4070 569 4132 αὐτὸ
601 4067 765 4149 ἐπὲπροοξεν,
799 4067 845 4132 tta
878 4071 921 4146 μὴ
953 4070 1040 4132 αὐτὸν
1071 4069 1247 4154 ἀποκτείνῃ)
1275 4073 1325 4139 ἕο·

175 4195 274 4273 μέντοι
306 4198 339 4260 τὸ
368 4195 480 4273 θὲοοτρον
504 4195 555 4258 καὶ
581 4195 616 4265 ὣς
641 4195 764 4258 ἐσελθών
788 4194 840 4258 καὶ
864 4191 1077 4273 ἐκνθοορῴδνσεν,
1102 4193 1164 4257 ε’πεὶ
1188 4202 1246 4264 τοῖς
1269 4220 1305 4271 γε

176 4323 278 4392 ἵππονς
303 4318 452 4384 οὐκέστιν
477 4316 524 4382 ὅτε
547 4321 613 4398 οὐχ’
640 4322 797 4396 ἡμιλλᾶτο.
