3259 5275
709 627 747 688 51

163 842 266 907 verbo
288 861 360 905 oum
385 840 539 926 perierint
561 838 639 903 adeo
664 839 805 903 mutilati
828 844 903 902 sunt
916 845 962 919 ut,
975 838 1038 901 nisi
1051 839 1200 903 meliores
1213 839 1290 904 libri

163 967 271 1033 lucem
296 966 439 1048 afferent,
464 965 496 1029 in
521 972 709 1053 perpetuum
734 965 873 1049 ealigine
895 965 1038 1029 obvoluti
1063 966 1291 1031 mansurisint.

350 1213 384 1280 0.
422 1215 452 1277 5.
489 1212 550 1279 Sed
579 1224 608 1277 et
630 1215 666 1277 io
688 1215 757 1277 vioe
781 1214 904 1297 Appiae
927 1214 992 1277 vico
1014 1220 1139 1296 repente
1156 1233 1292 1297 puerum

392 1342 493 1403 citotis
507 1340 664 1423 jumentis
686 1340 772 1403 baud
794 1341 925 1422 tenuras
946 1339 1078 1403 obtrivit.

215 1525 341 1611 Legens
376 1526 453 1591 haee
488 1525 578 1591 haesi
611 1527 644 1589 in
676 1525 773 1591 verbo
808 1524 990 1612 „repente’',
1022 1524 1106 1611 quod
1130 1526 1294 1612 explieare

167 1673 232 1715 non
257 1658 398 1739 poteram
423 1653 596 1737 statimque
619 1650 711 1732 mihi,
736 1651 820 1737 quod
844 1650 937 1716 eredo
958 1651 1190 1737 unicuique,'in
1205 1673 1292 1717 uren·

167 1786 234 1844 tem
271 1779 360 1843 venit
397 1776 612 1863 „repentem''.
643 1774 726 1839 Oum
758 1775 874 1841 deinde
898 1784 1020 1841 veteres
1043 1775 1198 1841 editiones
1221 1797 1294 1841 oon-

169 1905 299 1988 ferrem‚
327 1906 395 1990 jam
427 1910 521 1967 antea
552 1903 668 1967 multos
692 1904 725 1965 in
749 1902 882 1967 eandem
906 1905 1120 1989 conjecturam
1145 1903 1295 1968 incidisse

170 2030 250 2093 vidi.
275 2029 396 2093 Nullus
416 2050 491 2114 ergo
503 2028 690 2093 dubitabam
704 2029 784 2114 quin
796 2041 879 2093 esset
891 2030 1061 2116 legendum
1079 2032 1295 2117 „repentem''.

216 2156 363 2220 Fuerunt
396 2162 503 2219 temen
538 2154 595 2240 qui
629 2175 737 2219 voeeur
766 2155 936 2241 „repente”
961 2163 1054 2221 aeute
1076 2163 1108 2221 et
1131 2157 1296 2242 ingeniose

169 2282 373 2347 defenderint
407 2281 612 2367 perhibentes
651 2282 822 2366 „repente”
847 2302 916 2345 esse
940 2281 1141 2347 referendum
1165 2281 1205 2345 ad
1232 2284 1295 2364 „ei-

169 2410 269 2474 tatis''
292 2417 324 2473 et
347 2407 575 2494 explieandum
602 2414 751 2493 „repente
774 2407 880 2471 citetis
898 2409 1089 2493 jumentis''.
1113 2407 1296 2494 Disjunotio

170 2536 318 2600 adverbii
349 2535 518 2620 „repente”
541 2541 572 2597 et
596 2533 759 2619 participii
785 2532 930 2612 „sitatis”
954 2553 1030 2597 sane
1053 2532 1129 2597 huie
1151 2534 1293 2620 expliea-

168 2663 288 2728 eatioui
321 2684 383 2726 non
419 2661 539 2743 obstat3
574 2666 607 2722 at
641 2659 729 2723 aliud
754 2658 833 2744 quid
857 2658 955 2745 idque
978 2660 1080 2724 multo
1101 2660 1234 2746 gravius
1257 2682 1297 2725 ne

168 2791 260 2855 illam
284 2788 579 2874 interpretationem
603 2785 810 2850 admittamus
835 2785 991 2871 prohibet.
1014 2785 1176 2851 Domitius
1196 2786 1298 2872 igitur

168 2921 300 3001 repente
335 2913 440 2979 citatis
470 2914 628 3000 jumentis
663 2934 799 2999 puerum
824 2913 858 2975 in
881 2913 935 2975 via
957 2912 1091 2977 obtrivit
1113 2912 1210 3000 idque
1232 2934 1293 2978 uon
1358 2996 1362 3001 ⁵

168 3044 311 3129 ignarus.
348 3040 473 3105 Ultima
507 3039 614 3120 verba,
650 3040 678 3101 si
711 3039 829 3124 legeris
863 3039 1035 3124 „repente”
1068 3038 1161 3124 plane
1183 3060 1295 3125 super-

169 3189 272 3234 vacua
305 3174 390 3232 sunt.
425 3165 478 3230 Ex
513 3187 550 3230 eo
584 3167 669 3230 enirn
702 3165 787 3251 quod
811 3165 976 3229 Domitius
1000 3173 1128 3252 repente
1147 3166 1295 3250 jumenta

168 3296 283 3361 sitavit
321 3300 454 3383 apparet
487 3314 549 3357 non
585 3291 748 3378 inopinato
783 3291 838 3356 sed
873 3293 1016 3357 consulto
1049 3292 1140 3357 triste
1174 3292 1294 3357 fantum

167 3421 332 3487 aoeidisse.

216 3547 322 3622 Quare
353 3559 494 3611 veterem
518 3544 770 3609 emendationem
796 3551 904 3609 eontra
927 3545 1116 3610 recentiores
1140 3545 1291 3609 tuendam

167 3694 238 3738 esse
262 3685 382 3736 censeo.

350 3909 384 3975 0.
421 3909 451 3971 5.
487 3908 624 3972 Notatus
655 3908 690 3971 ob
713 3907 788 3970 boec
811 3913 842 3971 et
863 3908 979 3970 sororis
988 3909 1067 3990 joco,
1090 3909 1290 3992 querentibus

391 4035 522 4097 dominis
563 4033 736 4117 factionum
774 4035 1041 4117 repraesentando
1076 4038 1223 4114 proemio
1256 4038 1291 4100 io

386 4165 546 4242 posterum
571 4160 687 4224 saeuit.

215 4368 318 4432 Multa
352 4369 405 4434 hio
435 4369 534 4434 dubia
563 4375 711 4454 surgunt.
744 4367 910 4442 Quomodo
931 4372 1047 4437 sororis
1066 4376 1159 4458 joans
1182 4377 1291 4436 notare
