3259 5275
896 574 917 635 4

338 804 375 849 eo
406 789 557 848 mutuans
588 783 657 868 regi
687 780 800 848 Oarolo
831 785 987 849 attribuat
1016 807 1099 872 quae
1129 786 1169 852 de
1193 786 1359 853 duodecim
1384 787 1465 855 an-

338 909 464 974 saribus
487 915 580 975 antea
604 916 694 975 erant
717 910 908 998 praedicata.

385 1035 431 1100 At
450 1035 549 1101 medii
567 1037 640 1101 aevi
660 1019 812 1124 tempore,
834 1038 910 1102 licet
921 1043 1073 1123 regnante
1086 1036 1199 1106 Oarolo
1211 1038 1329 1126 Magno
1342 1041 1465 1106 littera·

340 1183 413 1227 rum
447 1161 554 1227 studia
588 1163 765 1246 floruerint,
801 1163 978 1247 generatim
1013 1169 1120 1227 tamen
1144 1170 1181 1228 ut
1203 1165 1340 1229 aliorum
1364 1167 1465 1253 scrip-

339 1295 444 1354 torum
479 1290 525 1354 sic
559 1310 664 1376 neque
698 1287 846 1354 Suetonii
880 1310 976 1375 opera
1009 1288 1139 1355 assidue
1173 1290 1373 1375 legebantur.
1409 1291 1466 1355 Pii

342 1414 405 1479 viri
435 1416 519 1479 intra
542 1415 727 1480 monasterii
749 1415 887 1501 parietes
911 1437 1011 1480 mssos
1033 1415 1281 1503 descripserunt,
1303 1417 1464 1483 interdum

341 1540 381 1605 ad
412 1563 521 1606 eorum
554 1541 721 1629 exemplar
743 1541 913 1606 chronicon
937 1542 1067 1628 aliquod
1092 1543 1143 1607 vel
1165 1546 1465 1611 commentationem

342 1689 565 1755 composuere3
609 1689 710 1755 pauca
747 1676 855 1734 tamen
898 1670 932 1733 in
975 1669 1147 1736 Occidente
1183 1672 1296 1735 talium
1331 1695 1466 1759 operum

342 1795 488 1880 vestigia,
520 1794 648 1859 etiamsi
670 1801 783 1859 cuncta
808 1796 1037 1881 complectaris,
1065 1802 1248 1883 supersunt.
1281 1795 1399 1863 Oontra
1429 1801 1464 1863 in

341 1920 474 1986 Oriente
486 1920 571 2008 apud
583 1920 779 2007 Byzantinos
792 1920 988 2001 Τράγκυλλος
1001 1921 1142 1987 studiose
1154 1923 1330 2008 legebatur,
1343 1922 1467 1989 Graece

343 2048 504 2134 prostabat
527 2054 559 2112 et
581 2068 697 2134 magno
720 2047 754 2111 in
778 2047 898 2113 honore
920 2056 998 2113 erat.

386 2172 451 2238 Hic
481 2173 642 2260 quispiam
674 2172 812 2238 dixerit:
845 2174 910 2238 sint
941 2175 1002 2238 ista
1033 2195 1118 2257 vera,
1143 2196 1200 2261 pro
1224 2174 1378 2241 Suetonio
1402 2196 1464 2241 non

342 2300 503 2365 valebunt.
539 2298 604 2373 Qui
635 2301 723 2365 enim
753 2323 790 2366 eo
821 2316 963 2388 tempore
995 2301 1034 2367 de
1057 2324 1121 2389 quo
1144 2324 1248 2368 sermo
1272 2310 1320 2368 est
1341 2304 1466 2369 litteras

341 2428 494 2510 colebant,
524 2428 742 2514 grammaticis
769 2428 992 2493 rhetoribusve
1015 2428 1115 2493 dediti
1139 2430 1191 2494 vel
1214 2429 1409 2515 excerpendi
1432 2438 1465 2496 et

341 2555 490 2619 imitandi
520 2555 626 2621 studio
656 2557 791 2643 abrepti,
820 2557 975 2640 omnium,
1000 2557 1153 2644 quiante
1177 2557 1338 2641 vixerant,
1365 2557 1465 2623 Grae·

339 2705 449 2748 corum
484 2683 738 2770 Latinorumque
772 2684 963 2771 scriptorum
998 2704 1090 2747 caeco
1120 2705 1228 2747 amore
1260 2684 1464 2767 inflammati,

341 2831 403 2874 non
434 2810 497 2896 ipsi
520 2830 593 2874 cum
617 2808 680 2874 fide
703 2829 739 2873 ac
761 2808 930 2894 diligentia
948 2807 1148 2893 judicavere.
1172 2807 1212 2871 Iu
1237 2809 1464 2894 magistrorum

342 2936 438 3001 verba
457 2936 619 3021 jurabant,
643 2957 717 3000 cum
741 2936 804 3021 ipsi
827 2956 889 2999 non
913 2957 951 3000 ea
975 2934 1117 3000 doctrina
1139 2941 1245 2999 essent
1268 2935 1417 2999 instructi
1429 2942 1467 2998 ut

340 3065 379 3128 de
409 3062 573 3149 scriptoris
603 3082 719 3148 genere
743 3061 903 3126 scribendi
926 3069 958 3127 et
979 3062 1104 3147 ingenii
1124 3061 1252 3126 dotibus
1272 3062 1463 3126 sententiam

342 3190 470 3254 ferrent.
496 3188 577 3263 Quis
601 3188 684 3252 mihi
708 3186 897 3252 Suetonium
922 3189 1030 3273 eligat,
1055 3209 1151 3274 quem
1175 3188 1209 3250 in
1230 3187 1466 3252 conscribendis

341 3316 418 3380 vitis
440 3336 552 3400 regum
577 3314 780 3400 potissimum
804 3314 975 3377 imitatur?
997 3312 1082 3378 Vide
1106 3312 1238 3398 ejusde
1263 3310 1464 3377 vitisansa·

342 3463 414 3506 rum
438 3441 546 3506 libros.
571 3440 661 3515 Quae
685 3441 830 3504 maxima
853 3441 996 3504 fuerant:
1011 3440 1208 3526 reipublicae
1220 3437 1464 3518 administratio,

341 3567 524 3654 provinciae
558 3566 678 3631 sensim
715 3572 747 3630 et
780 3566 850 3629 sine
880 3585 975 3629 sensu
1006 3564 1040 3626 in
1072 3585 1207 3649 reguum
1231 3563 1379 3643 adscitae,
1405 3564 1464 3625 inr-

340 3694 467 3780 perium
491 3698 712 3779 propagatum,
736 3691 885 3754 instituta
908 3697 940 3755 et
963 3690 1050 3775 leges
1073 3695 1225 3771 mutatae,
1249 3689 1378 3752 nonnisi
1397 3687 1464 3752 obi·

341 3825 391 3884 ter
424 3826 456 3884 et
487 3839 557 3883 raro
587 3824 885 3883 commemorantur.
914 3816 978 3881 Pro
997 3808 1073 3879 'illis
1101 3814 1291 3900 cognomina
1313 3821 1346 3879 et
1369 3814 1464 3878 male·

342 3944 435 4026 dicta,
462 3944 529 4029 joci
559 3950 591 4008 et
622 3944 722 4026 lusus,
747 3942 840 4007 aulae
864 3963 1017 4024 rumores,
1042 3941 1333 4004 minutissimarum
1357 3960 1463 4003 rerum

340 4071 434 4156 longo
457 4069 568 4136 ordine
591 4069 799 4151 enumeratio,
824 4069 858 4132 in
882 4070 1001 4156 quibus
1025 4068 1113 4132 nulla
1137 4066 1204 4131 fere
1228 4066 1292 4129 nisi
1312 4065 1463 4128 vitiorum

340 4205 373 4263 et
395 4198 551 4261 virtutum
577 4197 734 4282 separatio
757 4195 904 4260 habetur.
929 4194 960 4258 N
963 4216 998 4259 ec
1021 4194 1123 4257 solum
1137 4213 1205 4256 rem
1217 4191 1396 4255 Romanam
1409 4186 1464 4253 sed

343 4345 384 4388 ue
415 4321 566 4388 Caesares
596 4321 727 4408 quidam
759 4321 937 4407 descripsit.
965 4318 1064 4382 Sume
1088 4316 1170 4380 mihi
1193 4318 1293 4380 vitam
1317 4313 1465 4378 Neronis.
