3259 5275
757 592 798 653 39

216 825 332 889 magna
357 806 390 869 vi
413 810 445 868 et
468 804 618 868 immensi
640 803 755 889 operis.
780 801 873 876 Quod
893 802 1024 889 quidem
1046 803 1127 865 mihi
1147 825 1189 867 ex
1202 802 1337 888 iisquae

214 932 376 1016 proposita
406 937 481 995 sunt
505 930 648 994 maxims
672 929 834 1015 probatur,
858 929 1020 1015 imprimis
1043 927 1127 1014 quod
1150 928 1228 992 haee
1245 929 1336 1013 juno·

213 1060 286 1118 tura
316 1056 487 1120 verborum
523 1074 658 1140 „magna
690 1054 744 1117 vi''
767 1052 853 1139 apud
878 1051 1067 1117 Suetonium
1091 1059 1123 1118 et
1147 1054 1245 1118 altero
1268 1053 1337 1117 loeo

212 1186 367 1244 ooourrat.
399 1177 465 1243 cfr.
497 1179 584 1264 Aug.
618 1181 677 1243 52:
713 1178 932 1259 „Dictaturam
966 1199 1082 1264 magna
1115 1180 1149 1243 vi
1174 1179 1338 1244 obterente

212 1306 331 1393 populo
354 1306 541 1393 depreeatus
565 1307 644 1371 est.’'
666 1306 846 1391 Fingamus
868 1313 976 1371 autem
1001 1306 1033 1370 id
1057 1306 1157 1372 fuisse
1180 1307 1335 1393 seriptum

210 1454 248 1496 ao
282 1433 480 1518 negligentia
514 1432 640 1497 librarii
673 1432 831 1519 syllabam
869 1433 960 1513 „ma”
991 1433 1152 1496 omissam.
1183 1431 1338 1498 Restabat

214 1559 344 1642 „navi'',
378 1558 462 1646 quod
498 1558 531 1623 in
567 1559 675 1624 oodioe
698 1558 830 1623 Momm.
855 1565 903 1624 est
925 1565 1098 1625 servatum.
1123 1558 1257 1624 Insolito
1279 1560 1336 1624 illa

210 1706 277 1751 vox
311 1685 352 1749 iis
387 1686 444 1771 qui
479 1685 716 1772 descripserunt
751 1692 799 1750 est
833 1686 912 1767 visa,
948 1706 1046 1771 quare
1081 1686 1266 1751 mutabatur
1300 1688 1334 1751 in

211 1809 342 1891 „novi”.

394 2095 427 2161 C.
453 2100 483 2158 2.
508 2095 576 2159 Dio
599 2102 692 2180 atque
714 2098 804 2160 etiam
828 2106 898 2181 post
920 2100 1047 2163 tutelam
1067 2107 1219 2180 receptam
1238 2101 1335 2163 alieni

432 2222 558 2285 arbitrii
579 2229 608 2286 ot
631 2223 687 2286 sub
705 2224 885 2306 poedooooo
907 2224 980 2309 fuit.

255 2456 327 2521 Non
351 2457 508 2522 minorem
534 2478 631 2543 quam
655 2478 752 2543 supra
776 2458 965 2544 interpretes
988 2459 1209 2525 difficultatem
1234 2483 1331 2547 expe·

204 2583 336 2648 riuntur
359 2584 392 2647 in
416 2581 622 2648 defendendis
645 2583 752 2648 verbis
775 2590 865 2669 „post
884 2584 1018 2649 tutelam
1039 2587 1229 2672 reoeptam'’.
1254 2585 1332 2652 Per·

203 2711 354 2796 spiouum
378 2711 465 2774 enim
488 2715 536 2774 est
558 2709 734 2796 significari
759 2716 830 2795 post
852 2711 985 2774 tutelam
1006 2712 1141 2794 finitam,
1163 2721 1331 2800 postquam

203 2837 307 2901 tutela
329 2858 363 2902 se
386 2837 519 2901 exemit.
544 2834 636 2909 Quod
660 2856 724 2921 qua
748 2836 871 2900 ratione
894 2858 936 2901 ex
958 2838 1065 2902 verbis
1076 2838 1203 2903 traditis
1216 2839 1330 2905 deduoi

203 2963 306 3050 possit
336 2985 397 3027 non
421 2962 523 3027 video.
549 2961 664 3026 Exstat
687 2961 818 3047 quidem
843 2963 1016 3048 explicatio
1041 2962 1202 3029 Torrentii
1225 2966 1330 3030 eonfe-

203 3090 306 3154 rentis
332 3097 422 3174 „post
444 3088 578 3152 tutelam
602 3088 786 3173 receptam’'
811 3109 884 3152 oum
905 3088 1044 3154 formula
1054 3087 1257 3155 IOsultorum
1274 3092 1328 3173 „in

202 3235 296 3278 suam
320 3215 453 3279 tutelam
479 3213 621 3278 venire”.
646 3211 717 3286 Quo
737 3220 866 3278 auotore
889 3215 1041 3294 „tutelam
1055 3216 1217 3301 resipere'’
1230 3217 1330 3302 signi-

201 3333 278 3405 fieat
313 3341 437 3421 „aliena
469 3339 569 3402 tutela
591 3338 762 3403 liberatum
789 3340 921 3403 tutelam
947 3340 998 3403 sui
1023 3341 1129 3426 ipsum
1154 3343 1327 3427 recipere'’.

202 3464 297 3538 Quod
321 3464 407 3530 idem
431 3465 528 3529 etiam
553 3462 770 3528 Ruhnkenius
793 3464 936 3529 defendit
958 3464 1128 3530 adnotans:
1154 3473 1224 3553 post
1246 3475 1328 3533 tute·

200 3594 267 3657 lam
303 3599 462 3679 reoeptam
489 3625 526 3646 z
552 3600 623 3679 post
655 3595 788 3658 tutelam
824 3595 875 3657 sui
909 3600 1079 3679 receptam.
1112 3592 1268 3676 Profecto,
1301 3596 1329 3659 si

200 3720 359 3806 seriptum
392 3726 476 3784 esset
502 3726 592 3806 „post
614 3720 747 3784 tutelam
771 3722 824 3785 sui
847 3721 1029 3805 receptam'
1053 3741 1147 3785 nemo
1170 3719 1209 3785 de
1232 3742 1327 3785 sensu

200 3845 374 3910 verborum
409 3845 588 3929 dubitaret3
623 3845 707 3932 quod
741 3854 849 3912 autem
885 3848 919 3909 in
950 3846 1044 3910 mssis
1076 3853 1125 3912 est
1146 3852 1327 3910 servatum:

204 3977 296 4056 „post
338 3970 472 4034 tutelam
517 3972 697 4057 receptam''
735 3971 862 4037 videtur
895 3971 978 4035 mihi
1012 3972 1166 4037 inusitata
1200 3993 1328 4057 prorsus

200 4097 331 4179 locutio,
367 4117 449 4182 quae
484 4117 588 4181 neque
622 4096 695 4161 aliis
729 4098 807 4162 loeis
839 4098 1020 4162 illustratur
1050 4119 1154 4184 neque
1177 4097 1326 4184 exemplo

201 4224 300 4288 allato
326 4225 379 4306 „in
404 4245 495 4288 suam
520 4225 653 4288 tutelam
676 4226 808 4290 venire''
832 4226 910 4289 satis
930 4224 1121 4289 defenditur.

249 4348 408 4416 Correotio
442 4357 532 4438 „post
563 4351 695 4416 tutelam
728 4351 885 4432 finitam',
915 4352 971 4436 qui
1002 4372 1113 4416 sensus
1137 4351 1205 4417 sine
1228 4351 1327 4417 dubio
