<?xml version="1.0" encoding="UTF-8"?>
<!DOCTYPE html PUBLIC "-//W3C//DTD XHTML 1.0 Transitional//EN"
    "http://www.w3.org/TR/xhtml1/DTD/xhtml1-transitional.dtd">
<html xmlns="http://www.w3.org/1999/xhtml" xml:lang="en" lang="en">
 <head>
  <title>
</title>
<meta http-equiv="Content-Type" content="text/html;charset=utf-8" />
  <meta name='ocr-system' content='tesseract 3.04.00' />
  <meta name='ocr-capabilities' content='ocr_page ocr_carea ocr_par ocr_line ocrx_word'/>
</head>
<body>
  <div class='ocr_page' id='page_1' title='image "./annotationescri01veldgoog_0046.png"; bbox 0 0 3259 5275; ppageno 0'>
   <div class='ocr_carea' id='block_1_1' title="bbox 856 515 898 575">
    <p class='ocr_par' dir='ltr' id='par_1_1' title="bbox 856 515 898 575">
     <span class='ocr_line' id='line_1_1' title="bbox 856 515 898 575; baseline 0.024 -1"><span class='ocrx_word' id='word_1_1' title='bbox 856 515 898 575; x_wconf 88' lang='grc'>38</span> 
     </span>
    </p>
   </div>
   <div class='ocr_carea' id='block_1_2' title="bbox 315 720 1448 1313">
    <p class='ocr_par' dir='ltr' id='par_1_2' title="bbox 315 720 1448 935">
     <span class='ocr_line' id='line_1_2' title="bbox 315 720 1448 811; baseline 0.004 -26"><span class='ocrx_word' id='word_1_2' title='bbox 315 720 473 787; x_wconf 84' lang='lat' dir='ltr'>secundus</span> <span class='ocrx_word' id='word_1_3' title='bbox 507 728 539 787; x_wconf 91' lang='lat' dir='ltr'>et</span> <span class='ocrx_word' id='word_1_4' title='bbox 573 721 757 788; x_wconf 88' lang='lat' dir='ltr'>Medieaeus</span> <span class='ocrx_word' id='word_1_5' title='bbox 789 724 904 789; x_wconf 89' lang='lat' dir='ltr'>tertius</span> <span class='ocrx_word' id='word_1_6' title='bbox 927 722 1004 788; x_wconf 87' lang='lat' dir='ltr'>dant</span> <span class='ocrx_word' id='word_1_7' title='bbox 1030 726 1208 805; x_wconf 81' lang='lat' dir='ltr'>„reatum”.</span> <span class='ocrx_word' id='word_1_8' title='bbox 1232 724 1272 789; x_wconf 92' lang='lat' dir='ltr'>In</span> <span class='ocrx_word' id='word_1_9' title='bbox 1295 728 1448 811; x_wconf 84' lang='lat' dir='ltr'>margine</span> 
     </span>
     <span class='ocr_line' id='line_1_3' title="bbox 316 846 1219 935; baseline 0.004 -25"><span class='ocrx_word' id='word_1_10' title='bbox 316 846 573 913; x_wconf 89' lang='lat' dir='ltr'>Vindobonensis</span> <span class='ocrx_word' id='word_1_11' title='bbox 596 848 729 913; x_wconf 86' lang='lat' dir='ltr'>seuundi</span> <span class='ocrx_word' id='word_1_12' title='bbox 751 848 948 935; x_wconf 79' lang='lat' dir='ltr'>adscriptum</span> <span class='ocrx_word' id='word_1_13' title='bbox 972 856 1021 914; x_wconf 91' lang='lat' dir='ltr'>est</span> <span class='ocrx_word' id='word_1_14' title='bbox 1048 851 1219 931; x_wconf 81' lang='lat' dir='ltr'>„iratum&#39;&#39;.</span> 
     </span>
    </p>

    <p class='ocr_par' dir='ltr' id='par_1_3' title="bbox 316 970 1447 1313">
     <span class='ocr_line' id='line_1_4' title="bbox 360 970 1447 1061; baseline 0.005 -26"><span class='ocrx_word' id='word_1_15' title='bbox 360 970 443 1037; x_wconf 82' lang='lat' dir='ltr'>Oum</span> <span class='ocrx_word' id='word_1_16' title='bbox 478 993 553 1057; x_wconf 87' lang='lat' dir='ltr'>ergo</span> <span class='ocrx_word' id='word_1_17' title='bbox 588 974 659 1037; x_wconf 87' lang='lat' dir='ltr'>vooi</span> <span class='ocrx_word' id='word_1_18' title='bbox 696 974 844 1054; x_wconf 81' lang='lat' dir='ltr'>„ratum”</span> <span class='ocrx_word' id='word_1_19' title='bbox 878 976 935 1039; x_wconf 86' lang='lat' dir='ltr'>vix</span> <span class='ocrx_word' id='word_1_20' title='bbox 968 996 1004 1039; x_wconf 89' lang='lat' dir='ltr'>ao</span> <span class='ocrx_word' id='word_1_21' title='bbox 1028 996 1068 1039; x_wconf 91' lang='lat' dir='ltr'>ue</span> <span class='ocrx_word' id='word_1_22' title='bbox 1091 975 1150 1039; x_wconf 85' lang='lat' dir='ltr'>vix</span> <span class='ocrx_word' id='word_1_23' title='bbox 1173 975 1305 1061; x_wconf 90' lang='lat' dir='ltr'>quidem</span> <span class='ocrx_word' id='word_1_24' title='bbox 1329 997 1447 1041; x_wconf 89' lang='lat' dir='ltr'>sensus</span> 
     </span>
     <span class='ocr_line' id='line_1_5' title="bbox 316 1098 1447 1187; baseline 0.001 -24"><span class='ocrx_word' id='word_1_25' title='bbox 316 1099 449 1164; x_wconf 92' lang='lat' dir='ltr'>idoneus</span> <span class='ocrx_word' id='word_1_26' title='bbox 481 1098 667 1184; x_wconf 83' lang='lat' dir='ltr'>extorqueri</span> <span class='ocrx_word' id='word_1_27' title='bbox 701 1100 801 1186; x_wconf 92' lang='lat' dir='ltr'>possit</span> <span class='ocrx_word' id='word_1_28' title='bbox 830 1099 1035 1165; x_wconf 78' lang='lat' dir='ltr'>scribendum</span> <span class='ocrx_word' id='word_1_29' title='bbox 1067 1108 1145 1187; x_wconf 92' lang='lat' dir='ltr'>puto</span> <span class='ocrx_word' id='word_1_30' title='bbox 1168 1101 1254 1186; x_wconf 93' lang='lat' dir='ltr'>quod</span> <span class='ocrx_word' id='word_1_31' title='bbox 1277 1101 1447 1166; x_wconf 89' lang='lat' dir='ltr'>lenissima</span> 
     </span>
     <span class='ocr_line' id='line_1_6' title="bbox 316 1225 1218 1313; baseline 0.002 -25"><span class='ocrx_word' id='word_1_32' title='bbox 316 1225 492 1289; x_wconf 73' lang='lat' dir='ltr'>mutatione</span> <span class='ocrx_word' id='word_1_33' title='bbox 516 1225 678 1309; x_wconf 75' lang='lat' dir='ltr'>eleganter</span> <span class='ocrx_word' id='word_1_34' title='bbox 700 1225 834 1312; x_wconf 81' lang='lat' dir='ltr'>Lipsius</span> <span class='ocrx_word' id='word_1_35' title='bbox 857 1226 1023 1313; x_wconf 85' lang='lat' dir='ltr'>proposuit</span> <span class='ocrx_word' id='word_1_36' title='bbox 1048 1226 1218 1307; x_wconf 82' lang='lat' dir='ltr'>„iratum&#39;’.</span> 
     </span>
    </p>
   </div>
   <div class='ocr_carea' id='block_1_3' title="bbox 496 1512 1446 1829">
    <p class='ocr_par' dir='ltr' id='par_1_4' title="bbox 496 1512 1446 1829">
     <span class='ocr_line' id='line_1_7' title="bbox 496 1512 1446 1599; baseline 0.001 -22"><span class='ocrx_word' id='word_1_37' title='bbox 496 1512 538 1577; x_wconf 90' lang='lat' dir='ltr'>D.</span> <span class='ocrx_word' id='word_1_38' title='bbox 576 1512 729 1578; x_wconf 81' lang='lat' dir='ltr'>Claudius</span> <span class='ocrx_word' id='word_1_39' title='bbox 763 1512 796 1578; x_wconf 82' lang='lat'>0.</span> <span class='ocrx_word' id='word_1_40' title='bbox 823 1512 852 1579; x_wconf 91' lang='lat'>1.</span> <span class='ocrx_word' id='word_1_41' title='bbox 884 1514 1051 1597; x_wconf 75' lang='lat' dir='ltr'>Troasque</span> <span class='ocrx_word' id='word_1_42' title='bbox 1074 1514 1220 1578; x_wconf 76' lang='lat' dir='ltr'>Rhenum</span> <span class='ocrx_word' id='word_1_43' title='bbox 1244 1514 1346 1599; x_wconf 78' lang='lat' dir='ltr'>fossos</span> <span class='ocrx_word' id='word_1_44' title='bbox 1369 1516 1446 1578; x_wconf 80' lang='lat' dir='ltr'>noui</span> 
     </span>
     <span class='ocr_line' id='line_1_8' title="bbox 539 1638 1443 1724; baseline 0 -22"><span class='ocrx_word' id='word_1_45' title='bbox 539 1644 568 1703; x_wconf 82' lang='lat' dir='ltr'>et</span> <span class='ocrx_word' id='word_1_46' title='bbox 599 1640 741 1702; x_wconf 77' lang='lat' dir='ltr'>immensi</span> <span class='ocrx_word' id='word_1_47' title='bbox 764 1641 865 1723; x_wconf 80' lang='lat' dir='ltr'>operis</span> <span class='ocrx_word' id='word_1_48' title='bbox 888 1640 999 1723; x_wconf 73' lang='lat' dir='ltr'>effecit,</span> <span class='ocrx_word' id='word_1_49' title='bbox 1022 1660 1103 1724; x_wconf 82' lang='lat' dir='ltr'>quoe</span> <span class='ocrx_word' id='word_1_50' title='bbox 1125 1661 1209 1703; x_wconf 81' lang='lat' dir='ltr'>auno</span> <span class='ocrx_word' id='word_1_51' title='bbox 1231 1640 1333 1703; x_wconf 78' lang='lat' dir='ltr'>adhue</span> <span class='ocrx_word' id='word_1_52' title='bbox 1356 1638 1443 1703; x_wconf 86' lang='lat' dir='ltr'>Dru·</span> 
     </span>
     <span class='ocr_line' id='line_1_9' title="bbox 539 1767 814 1829; baseline 0.007 -2"><span class='ocrx_word' id='word_1_53' title='bbox 539 1767 629 1829; x_wconf 79' lang='lat' dir='ltr'>stoue</span> <span class='ocrx_word' id='word_1_54' title='bbox 651 1771 814 1829; x_wconf 77' lang='lat' dir='ltr'>vocantur.</span> 
     </span>
    </p>
   </div>
   <div class='ocr_carea' id='block_1_4' title="bbox 313 1999 1443 2846">
    <p class='ocr_par' dir='ltr' id='par_1_5' title="bbox 313 1999 1443 2846">
     <span class='ocr_line' id='line_1_10' title="bbox 362 1999 1441 2085; baseline 0 -21"><span class='ocrx_word' id='word_1_55' title='bbox 362 1999 428 2074; x_wconf 85' lang='lat' dir='ltr'>Qui</span> <span class='ocrx_word' id='word_1_56' title='bbox 458 2000 566 2063; x_wconf 91' lang='lat' dir='ltr'>animo</span> <span class='ocrx_word' id='word_1_57' title='bbox 589 2006 709 2064; x_wconf 89' lang='lat' dir='ltr'>attento</span> <span class='ocrx_word' id='word_1_58' title='bbox 732 2000 812 2064; x_wconf 89' lang='lat' dir='ltr'>haee</span> <span class='ocrx_word' id='word_1_59' title='bbox 836 1999 935 2064; x_wconf 87' lang='lat' dir='ltr'>verba</span> <span class='ocrx_word' id='word_1_60' title='bbox 958 2002 1044 2085; x_wconf 90' lang='lat' dir='ltr'>leget</span> <span class='ocrx_word' id='word_1_61' title='bbox 1067 2000 1212 2065; x_wconf 88' lang='lat' dir='ltr'>haerebit</span> <span class='ocrx_word' id='word_1_62' title='bbox 1234 2003 1270 2066; x_wconf 91' lang='lat' dir='ltr'>ni</span> <span class='ocrx_word' id='word_1_63' title='bbox 1292 2001 1384 2065; x_wconf 87' lang='lat' dir='ltr'>fallor</span> <span class='ocrx_word' id='word_1_64' title='bbox 1407 2002 1441 2064; x_wconf 93' lang='lat' dir='ltr'>in</span> 
     </span>
     <span class='ocr_line' id='line_1_11' title="bbox 317 2123 1443 2211; baseline -0.001 -20"><span class='ocrx_word' id='word_1_65' title='bbox 317 2147 393 2192; x_wconf 84' lang='lat' dir='ltr'>vous</span> <span class='ocrx_word' id='word_1_66' title='bbox 424 2126 550 2207; x_wconf 79' lang='lat' dir='ltr'>„novi&#39;&#39;.</span> <span class='ocrx_word' id='word_1_67' title='bbox 576 2123 658 2189; x_wconf 80' lang='lat' dir='ltr'>Sane</span> <span class='ocrx_word' id='word_1_68' title='bbox 682 2124 847 2208; x_wconf 88' lang='lat' dir='ltr'>Romanis,</span> <span class='ocrx_word' id='word_1_69' title='bbox 870 2126 928 2211; x_wconf 93' lang='lat' dir='ltr'>qui</span> <span class='ocrx_word' id='word_1_70' title='bbox 950 2126 991 2190; x_wconf 89' lang='lat' dir='ltr'>ab</span> <span class='ocrx_word' id='word_1_71' title='bbox 1015 2126 1094 2190; x_wconf 91' lang='lat' dir='ltr'>urbe</span> <span class='ocrx_word' id='word_1_72' title='bbox 1117 2125 1245 2190; x_wconf 82' lang='lat' dir='ltr'>condita</span> <span class='ocrx_word' id='word_1_73' title='bbox 1266 2126 1443 2191; x_wconf 82' lang='lat' dir='ltr'>immensae</span> 
     </span>
     <span class='ocr_line' id='line_1_12' title="bbox 318 2250 1442 2337; baseline 0.001 -24"><span class='ocrx_word' id='word_1_74' title='bbox 318 2250 411 2315; x_wconf 92' lang='lat' dir='ltr'>molis</span> <span class='ocrx_word' id='word_1_75' title='bbox 435 2250 582 2315; x_wconf 90' lang='lat' dir='ltr'>aedifioia</span> <span class='ocrx_word' id='word_1_76' title='bbox 604 2256 857 2334; x_wconf 84' lang='lat' dir='ltr'>construxerant,</span> <span class='ocrx_word' id='word_1_77' title='bbox 881 2272 981 2337; x_wconf 88' lang='lat' dir='ltr'>aquas</span> <span class='ocrx_word' id='word_1_78' title='bbox 1002 2251 1036 2315; x_wconf 91' lang='lat' dir='ltr'>in</span> <span class='ocrx_word' id='word_1_79' title='bbox 1059 2257 1199 2315; x_wconf 86' lang='lat' dir='ltr'>nostram</span> <span class='ocrx_word' id='word_1_80' title='bbox 1224 2257 1360 2317; x_wconf 86' lang='lat' dir='ltr'>aetatem</span> <span class='ocrx_word' id='word_1_81' title='bbox 1383 2250 1442 2315; x_wconf 90' lang='lat' dir='ltr'>du·</span> 
     </span>
     <span class='ocr_line' id='line_1_13' title="bbox 317 2376 1442 2459; baseline -0.001 -18"><span class='ocrx_word' id='word_1_82' title='bbox 317 2385 441 2443; x_wconf 85' lang='lat' dir='ltr'>raturas</span> <span class='ocrx_word' id='word_1_83' title='bbox 483 2377 516 2440; x_wconf 94' lang='lat' dir='ltr'>in</span> <span class='ocrx_word' id='word_1_84' title='bbox 552 2376 664 2441; x_wconf 90' lang='lat' dir='ltr'>urbem</span> <span class='ocrx_word' id='word_1_85' title='bbox 700 2376 905 2459; x_wconf 86' lang='lat' dir='ltr'>induxerant,</span> <span class='ocrx_word' id='word_1_86' title='bbox 940 2398 1002 2441; x_wconf 91' lang='lat' dir='ltr'>nou</span> <span class='ocrx_word' id='word_1_87' title='bbox 1037 2398 1158 2441; x_wconf 88' lang='lat' dir='ltr'>novum</span> <span class='ocrx_word' id='word_1_88' title='bbox 1194 2384 1262 2442; x_wconf 88' lang='lat' dir='ltr'>erat</span> <span class='ocrx_word' id='word_1_89' title='bbox 1296 2377 1442 2442; x_wconf 88' lang='lat' dir='ltr'>Drusum</span> 
     </span>
     <span class='ocr_line' id='line_1_14' title="bbox 318 2501 1442 2589; baseline 0 -22"><span class='ocrx_word' id='word_1_90' title='bbox 318 2504 416 2569; x_wconf 87' lang='lat' dir='ltr'>fossas</span> <span class='ocrx_word' id='word_1_91' title='bbox 440 2504 591 2568; x_wconf 89' lang='lat' dir='ltr'>immensi</span> <span class='ocrx_word' id='word_1_92' title='bbox 614 2504 718 2589; x_wconf 89' lang='lat' dir='ltr'>operis</span> <span class='ocrx_word' id='word_1_93' title='bbox 741 2501 899 2567; x_wconf 86' lang='lat' dir='ltr'>effodisse.</span> <span class='ocrx_word' id='word_1_94' title='bbox 923 2503 1040 2568; x_wconf 86' lang='lat' dir='ltr'>Fossae</span> <span class='ocrx_word' id='word_1_95' title='bbox 1059 2510 1178 2586; x_wconf 82' lang='lat' dir='ltr'>autem,</span> <span class='ocrx_word' id='word_1_96' title='bbox 1199 2503 1238 2568; x_wconf 90' lang='lat' dir='ltr'>de</span> <span class='ocrx_word' id='word_1_97' title='bbox 1257 2502 1442 2589; x_wconf 87' lang='lat' dir='ltr'>quibushio</span> 
     </span>
     <span class='ocr_line' id='line_1_15' title="bbox 317 2628 1442 2714; baseline -0.005 -16"><span class='ocrx_word' id='word_1_98' title='bbox 317 2654 420 2700; x_wconf 89' lang='lat' dir='ltr'>sermo</span> <span class='ocrx_word' id='word_1_99' title='bbox 456 2638 513 2714; x_wconf 89' lang='lat' dir='ltr'>est,</span> <span class='ocrx_word' id='word_1_100' title='bbox 545 2630 802 2696; x_wconf 88' lang='lat' dir='ltr'>demonstrantur</span> <span class='ocrx_word' id='word_1_101' title='bbox 833 2628 951 2694; x_wconf 85' lang='lat' dir='ltr'>Isalam</span> <span class='ocrx_word' id='word_1_102' title='bbox 975 2637 1007 2695; x_wconf 92' lang='lat' dir='ltr'>et</span> <span class='ocrx_word' id='word_1_103' title='bbox 1030 2628 1182 2695; x_wconf 90' lang='lat' dir='ltr'>Rhenum</span> <span class='ocrx_word' id='word_1_104' title='bbox 1207 2630 1291 2694; x_wconf 89' lang='lat' dir='ltr'>inter</span> <span class='ocrx_word' id='word_1_105' title='bbox 1313 2652 1346 2694; x_wconf 93' lang='lat' dir='ltr'>se</span> <span class='ocrx_word' id='word_1_106' title='bbox 1369 2650 1442 2693; x_wconf 88' lang='lat' dir='ltr'>eon-</span> 
     </span>
     <span class='ocr_line' id='line_1_16' title="bbox 313 2756 1443 2846; baseline -0.003 -23"><span class='ocrx_word' id='word_1_107' title='bbox 313 2759 483 2846; x_wconf 80' lang='lat' dir='ltr'>junxisse3</span> <span class='ocrx_word' id='word_1_108' title='bbox 519 2756 649 2823; x_wconf 84' lang='lat' dir='ltr'>eaedem</span> <span class='ocrx_word' id='word_1_109' title='bbox 684 2756 785 2842; x_wconf 85' lang='lat' dir='ltr'>igitur</span> <span class='ocrx_word' id='word_1_110' title='bbox 820 2756 951 2821; x_wconf 91' lang='lat' dir='ltr'>fuerunt</span> <span class='ocrx_word' id='word_1_111' title='bbox 983 2778 1066 2842; x_wconf 92' lang='lat' dir='ltr'>quae</span> <span class='ocrx_word' id='word_1_112' title='bbox 1101 2757 1198 2822; x_wconf 90' lang='lat' dir='ltr'>etiam</span> <span class='ocrx_word' id='word_1_113' title='bbox 1229 2777 1314 2821; x_wconf 88' lang='lat' dir='ltr'>nuno</span> <span class='ocrx_word' id='word_1_114' title='bbox 1337 2756 1443 2843; x_wconf 87' lang='lat' dir='ltr'>patrio</span> 
     </span>
    </p>
   </div>
   <div class='ocr_carea' id='block_1_5' title="bbox 317 2882 1442 2969">
    <p class='ocr_par' dir='ltr' id='par_1_6' title="bbox 317 2882 1442 2969">
     <span class='ocr_line' id='line_1_17' title="bbox 317 2882 1442 2969; baseline -0.004 -18"><span class='ocrx_word' id='word_1_115' title='bbox 317 2906 462 2951; x_wconf 89' lang='lat' dir='ltr'>sermone</span> <span class='ocrx_word' id='word_1_116' title='bbox 498 2884 582 2948; x_wconf 85' lang='lat' dir='ltr'>fossa</span> <span class='ocrx_word' id='word_1_117' title='bbox 615 2883 757 2947; x_wconf 89' lang='lat' dir='ltr'>Drusina</span> <span class='ocrx_word' id='word_1_118' title='bbox 793 2889 933 2948; x_wconf 85' lang='lat' dir='ltr'>vocatur.</span> <span class='ocrx_word' id='word_1_119' title='bbox 967 2882 1054 2946; x_wconf 90' lang='lat' dir='ltr'>Num</span> <span class='ocrx_word' id='word_1_120' title='bbox 1092 2882 1130 2947; x_wconf 92' lang='lat' dir='ltr'>de</span> <span class='ocrx_word' id='word_1_121' title='bbox 1155 2883 1196 2946; x_wconf 93' lang='lat' dir='ltr'>iis</span> <span class='ocrx_word' id='word_1_122' title='bbox 1218 2904 1338 2948; x_wconf 85' lang='lat' dir='ltr'>novum</span> <span class='ocrx_word' id='word_1_123' title='bbox 1362 2883 1442 2969; x_wconf 91' lang='lat' dir='ltr'>quid</span> 
     </span>
    </p>
   </div>
   <div class='ocr_carea' id='block_1_6' title="bbox 317 3006 1488 4359">
    <p class='ocr_par' dir='ltr' id='par_1_7' title="bbox 317 3006 1488 4359">
     <span class='ocr_line' id='line_1_18' title="bbox 317 3006 1443 3096; baseline -0.003 -19"><span class='ocrx_word' id='word_1_124' title='bbox 317 3018 350 3078; x_wconf 89' lang='lat' dir='ltr'>et</span> <span class='ocrx_word' id='word_1_125' title='bbox 372 3012 536 3096; x_wconf 82' lang='lat' dir='ltr'>singulare</span> <span class='ocrx_word' id='word_1_126' title='bbox 559 3009 722 3073; x_wconf 76' lang='lat' dir='ltr'>innotuit?</span> <span class='ocrx_word' id='word_1_127' title='bbox 746 3007 852 3073; x_wconf 92' lang='lat' dir='ltr'>Immo</span> <span class='ocrx_word' id='word_1_128' title='bbox 875 3008 907 3072; x_wconf 90' lang='lat' dir='ltr'>id</span> <span class='ocrx_word' id='word_1_129' title='bbox 931 3029 1034 3093; x_wconf 81' lang='lat' dir='ltr'>genus</span> <span class='ocrx_word' id='word_1_130' title='bbox 1056 3029 1150 3092; x_wconf 88' lang='lat' dir='ltr'>opera</span> <span class='ocrx_word' id='word_1_131' title='bbox 1168 3007 1308 3073; x_wconf 87' lang='lat' dir='ltr'>Romani</span> <span class='ocrx_word' id='word_1_132' title='bbox 1321 3006 1443 3094; x_wconf 88' lang='lat' dir='ltr'>ubique</span> 
     </span>
     <span class='ocr_line' id='line_1_19' title="bbox 317 3135 1441 3223; baseline -0.005 -19"><span class='ocrx_word' id='word_1_133' title='bbox 317 3145 475 3204; x_wconf 88' lang='lat' dir='ltr'>terrarum</span> <span class='ocrx_word' id='word_1_134' title='bbox 499 3137 708 3223; x_wconf 74' lang='lat' dir='ltr'>perfecerunt.</span> <span class='ocrx_word' id='word_1_135' title='bbox 733 3136 849 3200; x_wconf 85' lang='lat' dir='ltr'>Fossas</span> <span class='ocrx_word' id='word_1_136' title='bbox 872 3135 1031 3200; x_wconf 88' lang='lat' dir='ltr'>Drusinas</span> <span class='ocrx_word' id='word_1_137' title='bbox 1055 3136 1107 3199; x_wconf 89' lang='lat' dir='ltr'>vel</span> <span class='ocrx_word' id='word_1_138' title='bbox 1125 3136 1165 3199; x_wconf 93' lang='lat' dir='ltr'>ob</span> <span class='ocrx_word' id='word_1_139' title='bbox 1185 3135 1441 3220; x_wconf 84' lang='lat' dir='ltr'>magnitudinem</span> 
     </span>
     <span class='ocr_line' id='line_1_20' title="bbox 318 3260 1397 3347; baseline -0.006 -16"><span class='ocrx_word' id='word_1_140' title='bbox 318 3265 370 3331; x_wconf 87' lang='lat' dir='ltr'>vel</span> <span class='ocrx_word' id='word_1_141' title='bbox 394 3263 434 3328; x_wconf 90' lang='lat' dir='ltr'>ob</span> <span class='ocrx_word' id='word_1_142' title='bbox 456 3270 558 3327; x_wconf 89' lang='lat' dir='ltr'>artem</span> <span class='ocrx_word' id='word_1_143' title='bbox 581 3262 729 3326; x_wconf 89' lang='lat' dir='ltr'>mirabile</span> <span class='ocrx_word' id='word_1_144' title='bbox 753 3260 832 3347; x_wconf 91' lang='lat' dir='ltr'>quid</span> <span class='ocrx_word' id='word_1_145' title='bbox 856 3261 956 3325; x_wconf 85' lang='lat' dir='ltr'>fuisse</span> <span class='ocrx_word' id='word_1_146' title='bbox 978 3282 1137 3347; x_wconf 90' lang='lat' dir='ltr'>nusquam</span> <span class='ocrx_word' id='word_1_147' title='bbox 1162 3261 1316 3326; x_wconf 88' lang='lat' dir='ltr'>traditum</span> <span class='ocrx_word' id='word_1_148' title='bbox 1340 3268 1397 3326; x_wconf 86' lang='lat' dir='ltr'>est.</span> 
     </span>
     <span class='ocr_line' id='line_1_21' title="bbox 364 3386 1441 3474; baseline -0.002 -19"><span class='ocrx_word' id='word_1_149' title='bbox 364 3388 499 3455; x_wconf 85' lang='lat' dir='ltr'>Aeeedit</span> <span class='ocrx_word' id='word_1_150' title='bbox 528 3387 612 3474; x_wconf 93' lang='lat' dir='ltr'>quod</span> <span class='ocrx_word' id='word_1_151' title='bbox 643 3386 765 3452; x_wconf 89' lang='lat' dir='ltr'>oodioes</span> <span class='ocrx_word' id='word_1_152' title='bbox 797 3408 860 3451; x_wconf 89' lang='lat' dir='ltr'>non</span> <span class='ocrx_word' id='word_1_153' title='bbox 882 3388 1012 3452; x_wconf 92' lang='lat' dir='ltr'>omnino</span> <span class='ocrx_word' id='word_1_154' title='bbox 1035 3388 1248 3452; x_wconf 85' lang='lat' dir='ltr'>eonsentiunt.</span> <span class='ocrx_word' id='word_1_155' title='bbox 1274 3387 1441 3453; x_wconf 85' lang='lat' dir='ltr'>Memmia·</span> 
     </span>
     <span class='ocr_line' id='line_1_22' title="bbox 319 3500 1488 3600; baseline -0.003 -19"><span class='ocrx_word' id='word_1_156' title='bbox 319 3539 381 3582; x_wconf 91' lang='lat' dir='ltr'>nus</span> <span class='ocrx_word' id='word_1_157' title='bbox 403 3516 500 3580; x_wconf 88' lang='lat' dir='ltr'>habet</span> <span class='ocrx_word' id='word_1_158' title='bbox 526 3515 622 3597; x_wconf 82' lang='lat' dir='ltr'>„navi</span> <span class='ocrx_word' id='word_1_159' title='bbox 723 3513 861 3600; x_wconf 88' lang='lat' dir='ltr'>operis&#39;&#39;,</span> <span class='ocrx_word' id='word_1_160' title='bbox 885 3513 924 3579; x_wconf 93' lang='lat' dir='ltr'>de</span> <span class='ocrx_word' id='word_1_161' title='bbox 948 3534 1012 3600; x_wconf 93' lang='lat' dir='ltr'>qua</span> <span class='ocrx_word' id='word_1_162' title='bbox 1035 3514 1194 3580; x_wconf 78' lang='lat' dir='ltr'>locutione</span> <span class='ocrx_word' id='word_1_163' title='bbox 1214 3515 1328 3580; x_wconf 89' lang='lat' dir='ltr'>merito</span> <span class='ocrx_word' id='word_1_164' title='bbox 1348 3514 1441 3578; x_wconf 93' lang='lat' dir='ltr'>dubi·</span> <span class='ocrx_word' id='word_1_165' title='bbox 1477 3500 1488 3514; x_wconf 57' lang='lat'>‘</span> 
     </span>
     <span class='ocr_line' id='line_1_23' title="bbox 318 3638 1442 3726; baseline -0.003 -19"><span class='ocrx_word' id='word_1_166' title='bbox 318 3649 387 3708; x_wconf 86' lang='lat' dir='ltr'>taut</span> <span class='ocrx_word' id='word_1_167' title='bbox 420 3642 503 3706; x_wconf 90' lang='lat' dir='ltr'>sitne</span> <span class='ocrx_word' id='word_1_168' title='bbox 536 3639 662 3705; x_wconf 88' lang='lat' dir='ltr'>Latina.</span> <span class='ocrx_word' id='word_1_169' title='bbox 699 3638 787 3704; x_wconf 84' lang='lat' dir='ltr'>Navi</span> <span class='ocrx_word' id='word_1_170' title='bbox 821 3638 907 3703; x_wconf 91' lang='lat' dir='ltr'>enim</span> <span class='ocrx_word' id='word_1_171' title='bbox 942 3638 1093 3704; x_wconf 85' lang='lat' dir='ltr'>dicuntur</span> <span class='ocrx_word' id='word_1_172' title='bbox 1115 3661 1184 3704; x_wconf 87' lang='lat' dir='ltr'>esse</span> <span class='ocrx_word' id='word_1_173' title='bbox 1207 3640 1355 3726; x_wconf 88' lang='lat' dir='ltr'>operarii,</span> <span class='ocrx_word' id='word_1_174' title='bbox 1379 3663 1442 3705; x_wconf 90' lang='lat' dir='ltr'>non</span> 
     </span>
     <span class='ocr_line' id='line_1_24' title="bbox 319 3763 1441 3853; baseline -0.004 -17"><span class='ocrx_word' id='word_1_175' title='bbox 319 3791 395 3836; x_wconf 84' lang='lat' dir='ltr'>vero</span> <span class='ocrx_word' id='word_1_176' title='bbox 418 3788 499 3853; x_wconf 92' lang='lat' dir='ltr'>opus</span> <span class='ocrx_word' id='word_1_177' title='bbox 522 3766 606 3853; x_wconf 92' lang='lat' dir='ltr'>quod</span> <span class='ocrx_word' id='word_1_178' title='bbox 630 3770 855 3851; x_wconf 83' lang='lat' dir='ltr'>exsequuntur</span> <span class='ocrx_word' id='word_1_179' title='bbox 877 3785 997 3830; x_wconf 87' lang='lat' dir='ltr'>navum</span> <span class='ocrx_word' id='word_1_180' title='bbox 1021 3771 1161 3830; x_wconf 81' lang='lat' dir='ltr'>vocatur.</span> <span class='ocrx_word' id='word_1_181' title='bbox 1186 3763 1252 3830; x_wconf 82' lang='lat' dir='ltr'>ufr.</span> <span class='ocrx_word' id='word_1_182' title='bbox 1273 3790 1303 3831; x_wconf 90' lang='lat' dir='ltr'>v.</span> <span class='ocrx_word' id='word_1_183' title='bbox 1316 3789 1348 3852; x_wconf 82' lang='lat' dir='ltr'>g.</span> <span class='ocrx_word' id='word_1_184' title='bbox 1362 3766 1441 3831; x_wconf 88' lang='lat' dir='ltr'>Hor.</span> 
     </span>
     <span class='ocr_line' id='line_1_25' title="bbox 319 3892 1443 3983; baseline -0.001 -23"><span class='ocrx_word' id='word_1_185' title='bbox 319 3896 379 3983; x_wconf 85' lang='lat' dir='ltr'>Ep.</span> <span class='ocrx_word' id='word_1_186' title='bbox 419 3895 587 3958; x_wconf 73' lang='lat'>1:6:201</span> <span class='ocrx_word' id='word_1_187' title='bbox 618 3892 732 3957; x_wconf 78' lang='lat' dir='ltr'>Nasus</span> <span class='ocrx_word' id='word_1_188' title='bbox 755 3913 849 3957; x_wconf 84' lang='lat' dir='ltr'>mane</span> <span class='ocrx_word' id='word_1_189' title='bbox 872 3892 976 3957; x_wconf 87' lang='lat' dir='ltr'>forum</span> <span class='ocrx_word' id='word_1_190' title='bbox 1002 3898 1034 3957; x_wconf 91' lang='lat' dir='ltr'>et</span> <span class='ocrx_word' id='word_1_191' title='bbox 1057 3893 1260 3978; x_wconf 87' lang='lat' dir='ltr'>vespertinus</span> <span class='ocrx_word' id='word_1_192' title='bbox 1283 3900 1356 3979; x_wconf 91' lang='lat' dir='ltr'>pete</span> <span class='ocrx_word' id='word_1_193' title='bbox 1378 3901 1443 3959; x_wconf 88' lang='lat' dir='ltr'>teo-</span> 
     </span>
     <span class='ocr_line' id='line_1_26' title="bbox 319 4017 1443 4108; baseline -0.002 -20"><span class='ocrx_word' id='word_1_194' title='bbox 319 4030 399 4105; x_wconf 85' lang='lat' dir='ltr'>tum,</span> <span class='ocrx_word' id='word_1_195' title='bbox 432 4021 493 4108; x_wconf 82' lang='lat' dir='ltr'>up.</span> <span class='ocrx_word' id='word_1_196' title='bbox 527 4021 622 4084; x_wconf 84' lang='lat'>1:18</span> <span class='ocrx_word' id='word_1_197' title='bbox 637 4042 645 4083; x_wconf 78' lang='grc' dir='ltr'><em>τ</em></span> <span class='ocrx_word' id='word_1_198' title='bbox 659 4021 719 4083; x_wconf 81' lang='grc' dir='ltr'>9οε</span> <span class='ocrx_word' id='word_1_199' title='bbox 753 4017 906 4084; x_wconf 82' lang='lat' dir='ltr'>Sedatum</span> <span class='ocrx_word' id='word_1_200' title='bbox 940 4021 1068 4103; x_wconf 84' lang='lat' dir='ltr'>celeres,</span> <span class='ocrx_word' id='word_1_201' title='bbox 1104 4021 1221 4105; x_wconf 85' lang='lat' dir='ltr'>agilem</span> <span class='ocrx_word' id='word_1_202' title='bbox 1258 4041 1443 4107; x_wconf 87' lang='lat' dir='ltr'>navumque</span> 
     </span>
     <span class='ocr_line' id='line_1_27' title="bbox 322 4145 1313 4227; baseline -0.001 -15"><span class='ocrx_word' id='word_1_203' title='bbox 322 4149 448 4214; x_wconf 85' lang='lat' dir='ltr'>remissi</span> <span class='ocrx_word' id='word_1_204' title='bbox 473 4187 513 4197; x_wconf 96' lang='lat'>—-</span> <span class='ocrx_word' id='word_1_205' title='bbox 538 4169 581 4212; x_wconf 88' lang='lat' dir='ltr'>so.</span> <span class='ocrx_word' id='word_1_206' title='bbox 605 4146 741 4211; x_wconf 91' lang='lat' dir='ltr'>oderunt</span> <span class='ocrx_word' id='word_1_207' title='bbox 765 4184 818 4227; x_wconf 91' lang='lat'>—,</span> <span class='ocrx_word' id='word_1_208' title='bbox 843 4151 875 4211; x_wconf 90' lang='lat' dir='ltr'>et</span> <span class='ocrx_word' id='word_1_209' title='bbox 897 4145 976 4209; x_wconf 90' lang='lat' dir='ltr'>alibi</span> <span class='ocrx_word' id='word_1_210' title='bbox 999 4145 1141 4227; x_wconf 82' lang='lat' dir='ltr'>„navus”</span> <span class='ocrx_word' id='word_1_211' title='bbox 1166 4146 1313 4211; x_wconf 87' lang='lat' dir='ltr'>oeeurrit.</span> 
     </span>
     <span class='ocr_line' id='line_1_28' title="bbox 366 4270 1442 4359; baseline 0.003 -24"><span class='ocrx_word' id='word_1_212' title='bbox 366 4272 548 4337; x_wconf 85' lang='lat' dir='ltr'>Medioaeus</span> <span class='ocrx_word' id='word_1_213' title='bbox 583 4273 706 4358; x_wconf 89' lang='lat' dir='ltr'>primus</span> <span class='ocrx_word' id='word_1_214' title='bbox 742 4276 774 4336; x_wconf 89' lang='lat' dir='ltr'>et</span> <span class='ocrx_word' id='word_1_215' title='bbox 807 4270 922 4335; x_wconf 90' lang='lat' dir='ltr'>tertius</span> <span class='ocrx_word' id='word_1_216' title='bbox 956 4279 988 4336; x_wconf 92' lang='lat' dir='ltr'>et</span> <span class='ocrx_word' id='word_1_217' title='bbox 1022 4270 1161 4336; x_wconf 91' lang='lat' dir='ltr'>Vindob.</span> <span class='ocrx_word' id='word_1_218' title='bbox 1193 4273 1317 4359; x_wconf 89' lang='lat' dir='ltr'>primus</span> <span class='ocrx_word' id='word_1_219' title='bbox 1349 4274 1442 4339; x_wconf 90' lang='lat' dir='ltr'>dant:</span> 
     </span>
    </p>
   </div>
   <div class='ocr_carea' id='block_1_7' title="bbox 0 0 1642 5275">
    <p class='ocr_par' dir='ltr' id='par_1_8' title="bbox 0 0 1642 5275">
     <span class='ocr_line' id='line_1_29' title="bbox 0 0 1642 5275; baseline 0 0"><span class='ocrx_word' id='word_1_220' title='bbox 0 0 1642 5275; x_wconf 95' lang='lat' dir='ltr'> </span> 
     </span>
    </p>
   </div>
  </div>
 </body>
</html>
