3259 5275
728 584 769 645 53

188 814 256 857 rem
282 793 419 858 indolem
444 793 623 859 ostenderet
646 815 718 858 oum
743 794 904 879 professus
928 801 1011 859 esset
1034 817 1067 859 se
1080 795 1311 880 imperaturum

188 940 232 983 ex
254 918 398 1004 Augusti
421 920 625 1006 praescripto.

235 1042 329 1109 Certa
363 1044 484 1111 indoles
515 1052 623 1111 eutem
655 1045 836 1130 significare
861 1045 990 1111 ridetur
1012 1045 1150 1111 indolem
1175 1045 1312 1128 firmam,

188 1170 243 1233 oui
276 1169 373 1235 fidere
408 1171 520 1257 possis,
553 1170 610 1235 ofr.
635 1193 664 1236 r.
688 1192 719 1256 g.
753 1176 859 1235 eertus
889 1169 994 1253 homo,
1018 1176 1124 1235 sertus
1147 1170 1229 1256 lapis
1253 1176 1312 1235 eto.

189 1294 262 1359 Non
286 1316 370 1365 vero¹
385 1295 520 1360 firmitas
544 1294 682 1365 Neronis
706 1297 747 1359 iis
770 1317 854 1382 quae
872 1302 1053 1382 sequuntur
1072 1295 1165 1361 dietis
1177 1295 1313 1360 etfaotis

187 1421 383 1506 ostenditur;
408 1423 496 1487 varia
519 1423 605 1487 enirn
630 1422 810 1487 efferuntur
833 1422 991 1486 virtutum
1015 1421 1204 1487 dooumenta
1228 1442 1311 1508 quae

188 1554 300 1611 eunota
324 1548 468 1633 Augusti
492 1548 659 1635 exemplar
683 1548 881 1633 exprimunt.

233 1673 340 1738 Aliter
374 1675 476 1760 igitur
511 1675 644 1740 verbum
680 1675 887 1756 „emtionem”
918 1674 1080 1760 explioare
1103 1675 1137 1737 in
1161 1681 1310 1760 promptu

187 1805 244 1865 est.
281 1798 388 1873 Quare
423 1800 510 1866 Nero
544 1802 638 1866 initio
672 1802 763 1887 regni
793 1801 866 1865 illas
897 1822 973 1887 pree
996 1822 1030 1866 se
1053 1801 1128 1866 tulit
1151 1801 1311 1865 virtutes?

188 1923 233 1989 Ut
255 1946 371 2012 nempe
394 1926 537 2011 Augusti
560 1927 663 2012 legem
687 1926 751 1991 sibi
774 1932 926 1991 statutam
947 1932 1145 2012 sequeretur,
1166 1924 1310 2010 Augusti

186 2051 354 2137 exemplar
376 2053 582 2139 exprimeret,
607 2053 670 2117 sibi
693 2059 850 2118 oonstsret
874 2054 906 2116 in
931 2052 1146 2139 exsequendis
1166 2052 1309 2138 Augusti

188 2180 402 2266 praesoriptis.

233 2302 295 2369 Sed
329 2326 392 2370 non
427 2305 519 2370 oredo
557 2311 693 2387 ,sertem
729 2304 890 2371 indolem’'
923 2327 980 2391 pro
1011 2304 1117 2369 indole
1139 2324 1223 2390 quae
1246 2301 1309 2367 sibi

186 2438 317 2513 constat,
341 2452 424 2517 quae
447 2432 614 2518 exemplar
636 2431 794 2518 quoddam
820 2431 959 2496 fideliter
981 2430 1146 2517 exprimit,
1171 2450 1308 2515 usquam

185 2558 270 2644 apud
296 2557 449 2622 Latinum
474 2559 660 2644 seriptorem
684 2558 857 2644 eujuslibet
876 2558 989 2623 estatis
1013 2577 1187 2621 ooourrere.
1212 2555 1310 2620 Prae·

185 2692 272 2751 terea
294 2707 356 2750 non
380 2685 472 2751 eredo
495 2685 686 2750 locutionem
715 2692 819 2766 ,certa
843 2685 985 2749 indoles’'
1010 2683 1313 2770 quoeunqueseusu'
1388 2773 1392 2780 Ι

184 2812 264 2877 alibi
287 2832 460 2876 occurrere.

229 2936 336 3011 Quare
360 2936 604 3023 praeferendum
631 2937 712 3001 mihi
725 2936 854 3002 videtur
869 2914 1080 3018 ,mitiorom''.
1095 2934 1182 3000 Nero
1194 2941 1308 2999 nature

185 3071 253 3129 erat
282 3085 414 3149 saevus,
442 3065 582 3147 interim,
607 3063 705 3129 donee
729 3069 914 3150 potestatem
940 3085 1031 3128 suam
1055 3062 1222 3145 firmasset,
1247 3062 1307 3124 mi·

184 3191 299 3254 tionem
319 3189 458 3256 indolem
481 3189 628 3256 ostendit.

366 3515 399 3582 0.
433 3516 483 3581 10.
516 3514 624 3580 Omnis
653 3515 779 3578 ordines
809 3514 941 3577 subinde
969 3534 1006 3576 oe
1029 3514 1203 3576 memoriter
1225 3511 1307 3574 selu·

407 3643 484 3705 lavit
497 3689 504 3704 .
519 3689 527 3703 .
541 3689 570 3703 ..

228 3948 279 4012 lte
313 3949 451 4014 Rothius
486 3950 608 4015 oodioes
639 3957 766 4015 seoutus
789 3949 901 4030 edidit,
925 3969 1029 4035 neque
1053 3948 1085 4010 in
1111 3927 1306 4033 praefatione

183 4075 222 4139 de
252 4075 303 4138 his
330 4076 437 4140 verbis
459 4076 637 4163 quidquam
660 4075 834 4141 adnotavit.
861 4078 914 4158 At,
939 4074 1017 4161 quid
1041 4093 1158 4160 quaeso
1181 4072 1304 4157 signifi-

182 4201 279 4266 cant?
301 4200 423 4280 ¹Nullus
448 4202 558 4265 sensus
582 4201 675 4266 oredo
700 4202 739 4265 iis
762 4202 896 4265 attribui
922 4205 1025 4285 potest
1044 4199 1107 4262 nisi
1127 4198 1197 4261 hio:
1220 4197 1306 4262 Nero

182 4327 334 4394 nterdum
371 4348 481 4392 omnes
510 4327 636 4391 ordines
662 4366 700 4374 -
726 4332 882 4408 senatum,
907 4325 1033 4411 equites
1057 4330 1089 4389 et
1112 4323 1237 4410 plebem
1263 4363 1304 4368 —
