3259 5275
712 592 752 653 37

161 810 284 868 mento.
334 803 425 877 Quae
459 810 566 869 autem
602 802 850 889 Oudendorpins
884 802 994 867 attulit
1028 802 1178 888 exempla
1213 825 1244 867 v.
1264 824 1295 888 g.

158 928 194 993 N
196 951 253 994 ero
289 952 316 994 e.
354 931 396 993 35
431 951 573 1010 „veneno
602 930 756 1012 tentare’',
782 929 917 1015 probant
939 949 1015 993 sane
1039 930 1295 1014 conjunctionem

158 1056 338 1120 verborum
366 1056 514 1142 „potione
540 1056 683 1121 tentare’'
708 1055 831 1120 licitam
856 1076 943 1138 esee3
963 1062 996 1119 at
1016 1060 1139 1120 tentare
1151 1054 1292 1139 aliquem

156 1180 361 1266 potione...
389 1181 544 1245 amatorio
567 1179 799 1246 medicamento
823 1200 885 1245 non
910 1180 1013 1265 magis
1037 1180 1153 1245 Latine
1176 1179 1295 1244 dieitur

155 1327 262 1391 quam
288 1313 454 1393 percutere
478 1307 620 1393 aliquem
644 1306 707 1372 telo
730 1306 838 1393 gladio
860 1312 963 1372 acuto.

207 1432 335 1507 Quidni
369 1435 473 1521 legas:
508 1432 678 1516 „Creditur
712 1440 852 1499 tentatus
888 1455 908 1497 a
941 1431 1097 1499 Caesonia
1126 1454 1293 1499 uxore...

153 1560 319 1625 amatorio
353 1560 485 1646 quidem
521 1560 773 1625 medicamento'’
808 1562 892 1626 etc?
916 1560 1085 1626 Librarius
1108 1562 1294 1648 posterioris

154 1686 245 1767 aevi,
284 1684 419 1751 haerens
454 1686 488 1749 in
522 1707 596 1750 voce
625 1687 804 1767 „tentatus”
830 1708 912 1773 quae
935 1687 966 1751 ai
990 1685 1159 1752 videbatur
1181 1685 1292 1750 eodem

155 1833 260 1877 sensu
297 1832 361 1897 quo
399 1811 533 1897 „potus”
570 1818 733 1897 usurpata,
768 1834 826 1899 pro
860 1812 1040 1893 „tantatus”
1073 1812 1201 1898 scripsit
1230 1811 1293 1876 for-

157 1945 248 2003 tasse
276 1937 511 2024 „potionatus”.

344 2221 378 2289 C.
408 2224 461 2286 58.
493 2223 561 2287 Alii
586 2221 749 2305 Sabinum,
773 2229 924 2286 summoto
944 2243 1003 2302 per
1028 2225 1166 2286 conscios
1188 2229 1290 2287 eentu-

385 2351 487 2413 rt'ones
510 2348 613 2430 turbo,
636 2351 761 2431 speum
783 2370 866 2413 more
886 2353 1007 2433 pettam,
1031 2355 1060 2413 et
1081 2349 1164 2431 cho
1183 2349 1292 2414 Joeem

386 2475 489 2558 dante,
517 2474 684 2539 Chaeream
708 2475 913 2540 succlamasse:
934 2474 1047 2555 Accipe
1069 2482 1186 2541 ratum.

200 2709 323 2774 Exstat
354 2709 454 2795 hujus
487 2709 547 2774 loci
579 2709 769 2791 emendatio,
794 2726 876 2794 quac
898 2732 918 2774 a
940 2709 1059 2775 Rothio
1082 2715 1130 2774 est
1152 2732 1290 2775 commc-

152 2842 291 2917 morata‚
333 2837 461 2922 „accipe
496 2836 646 2902 iratum’'.
691 2836 823 2922 Lipsius
858 2836 891 2899 id
926 2837 1100 2924 proposuit.
1136 2836 1290 2922 Plerique

151 2970 267 3027 tamen
299 2945 431 3027 serrare
455 2962 583 3028 student
618 2962 764 3043 „ratum”
797 2961 946 3048 nihilque
970 2963 1004 3026 in
1027 2984 1065 3028 ea
1088 2983 1164 3027 voce
1187 2963 1289 3026 ambi·

149 3090 294 3175 guitatis
315 3089 419 3153 inesse
444 3087 623 3174 perhibent.
648 3086 686 3150 In
710 3087 902 3174 explicando
926 3109 1001 3152 vero
1024 3089 1108 3153 inter
1132 3109 1166 3152 se
1190 3109 1287 3174 quam

149 3215 347 3299 longissime
377 3213 509 3279 distant.
540 3212 637 3276 Alius
671 3213 818 3292 „ratum”
843 3213 961 3299 accipit
983 3234 1039 3298 pro
1062 3233 1138 3279 voce
1161 3213 1284 3298 gladia·

149 3350 274 3423 torum,
311 3342 368 3426 qui
404 3362 478 3404 cum
514 3338 703 3404 dimicantes
737 3338 821 3404 ferro
844 3344 1046 3423 percuterent
1072 3339 1218 3420 „ratum”
1243 3360 1286 3403 sc.

150 3468 259 3532 ictum
290 3466 475 3530 clamarent.
499 3463 597 3528 Alius
621 3484 729 3528 vocem
754 3463 875 3527 ironice
898 3463 1013 3528 sumit:
1039 3463 1148 3550 accipe
1172 3486 1285 3530 rerum

147 3592 283 3674 lovem,
320 3613 362 3655 sc.
398 3612 461 3677 quo
496 3595 532 3653 tu
567 3589 685 3674 dignus
716 3610 759 3653 es.
786 3588 944 3652 Nonnulli
969 3588 1152 3674 explicant:
1177 3590 1286 3677 accipe

150 3727 264 3785 ratum
290 3717 321 3781 id
346 3716 431 3803 quod
454 3716 515 3780 tibi
535 3715 584 3798 do,
609 3721 753 3779 mortem.
779 3714 849 3778 Alii
867 3715 971 3779 aliter.
991 3714 1030 3778 In
1042 3722 1131 3780 tanta
1143 3717 1286 3782 virorum

149 3848 322 3912 doctorum
349 3842 388 3908 de
412 3864 506 3907 sensu
532 3841 623 3906 verbi
647 3840 804 3914 discordia
828 3862 890 3904 non
915 3848 1035 3906 temere
1060 3842 1172 3908 fecisse
1197 3843 1285 3910 vide·

149 3982 208 4039 tur
233 3971 292 4056 qui
318 3970 451 4034 verbnm
480 3968 626 4050 „ratum”
649 3989 744 4031 sensu
769 3966 862 4031 valde
882 3968 1035 4054 ambiguo
1056 3971 1197 4055 positum
1218 3993 1287 4036 esse

150 4095 336 4164 contendat.
361 4093 522 4180 Equidem
547 4093 668 4156 nullam
693 4092 971 4177 significationem,
995 4095 1047 4158 cui
1068 4095 1285 4179 pleneadsen·

149 4226 227 4305 tiar,
264 4223 298 4285 in
335 4243 371 4285 eo
403 4220 548 4284 invenire
572 4240 711 4304 possum.
737 4215 869 4281 Codices
893 4225 1011 4300 autem,
1036 4240 1110 4283 cum
1138 4221 1284 4306 plerique

153 4348 307 4432 „ratum”
337 4346 484 4428 habeant,
509 4367 569 4409 non
594 4352 700 4408 tamen
724 4344 853 4407 omnino
876 4346 1089 4410 consentiunt.
1114 4347 1284 4415 Palatinus
