3259 5275
335 802 386 866 vel
419 801 508 866 aliud
540 802 767 866 vestimentum
791 800 946 888 quislibet
967 806 1079 886 sponte
1102 800 1166 866 sibi
1187 801 1295 864 animo
1318 799 1462 866 finxerit.

378 925 472 1001 Quod
512 928 552 991 ad
597 926 738 1008 ,divolsa
771 927 917 992 sentibus
951 927 1110 1013 paenula’'
1146 927 1285 1012 pertinet
1318 928 1463 994 conferre

333 1060 547 1142 opportunum
582 1060 630 1119 est
664 1076 691 1119 e.
704 1075 731 1119 0.
769 1052 865 1119 Ovid.
890 1052 1011 1119 Metam
1035 1052 1073 1117 L.
1103 1054 1143 1115 14
1168 1075 1214 1117 vs.
1242 1054 1282 1117 15
1310 1060 1361 1134 ,et
1383 1073 1463 1119 auro

334 1180 510 1266 fulgentem
535 1202 660 1246 ranmm
681 1181 763 1246 silva
774 1180 796 1245 J
797 1182 913 1247 unonis
925 1181 1076 1247 Avernae
1089 1179 1289 1265 Monstravit,
1298 1182 1462 1268 jussitque

332 1327 390 1371 suo
425 1306 579 1372 divellere
613 1308 757 1373 trunce'‘.
790 1306 870 1372 Her.
896 1306 956 1372 0d.
980 1307 1019 1371 L.
1046 1309 1061 1370 1
1090 1309 1132 1370 36
1156 1330 1203 1373 vs.
1231 1309 1269 1371 19
1296 1329 1374 1389 ,nee
1396 1308 1462 1372 Da·

334 1433 427 1498 malis
451 1455 533 1499 novo
555 1433 743 1501 Divelletur
759 1433 905 1499 adultero
924 1432 1070 1500 Lascivis
1089 1433 1217 1499 hederis
1228 1434 1461 1519 ambitiosior'';

334 1560 444 1625 radere
467 1580 562 1625 sensu
586 1581 683 1646 quem
709 1559 849 1625 indicavi
875 1560 1034 1647 reperitur
1056 1583 1084 1625 e.
1097 1583 1124 1625 0.
1146 1559 1311 1626 Ρο001002
1327 1583 1370 1626 rs.
1388 1564 1461 1646 106,

335 1685 421 1751 Plin.
443 1685 486 1749 H.
508 1685 549 1751 N.
571 1685 610 1752 L.
632 1687 672 1749 18
696 1707 723 1750 0.
747 1687 786 1749 16
810 1692 890 1770 010.;
917 1687 1108 1772 „trajectus”
1124 1687 1243 1773 passim
1256 1708 1351 1752 sensu
1363 1708 1461 1773 quem

334 1810 475 1875 indicavi
509 1811 656 1875 occurrit.
692 1810 863 1876 Praeterea
896 1798 1217 1876 animadvertendum
1249 1815 1296 1876 est
1320 1810 1461 1876 codicem

335 1934 614 2000 Vindobonensem
639 1936 791 2022 primum,
814 1936 873 2021 qui
896 1936 1007 2000 multis
1031 1936 1128 2001 etiam
1152 1935 1225 1999 aliis
1250 1935 1326 2000 loeis
1348 1956 1460 2000 verum

334 2069 461 2127 textum
494 2062 645 2144 servavit,
670 2056 727 2148 pre
760 2062 943 2142 „surculos”
966 2061 1091 2127 tradere
1118 2061 1314 2144 ,stimulos”.
1339 2060 1460 2148 Aptius

334 2187 394 2252 boe
428 2207 526 2275 quam
566 2187 767 2271 ,surculos'‘;
798 2188 856 2251 vix
881 2187 966 2252 enim
992 2186 1144 2252 eredlbile
1167 2192 1215 2252 est
1240 2186 1384 2251 surculos
1409 2186 1460 2252 vel

336 2313 507 2378 ramieulos
530 2318 611 2378 totos
636 2334 693 2400 per
715 2312 886 2399 paenulam
910 2319 1103 2399 penetrasse.

516 2575 550 2642 0.
574 2576 627 2643 48.
653 2623 704 2644 ...
720 2576 842 2657 .Atque
854 2576 899 2640 ita
909 2577 1078 2661 quadripes
1084 2596 1145 2656 per
1156 2576 1321 2660 accpustics
1332 2576 1459 2657 effossae

557 2723 705 2766 ccccccccc
735 2708 875 2786 receptus
904 2702 937 2765 iu
962 2703 1145 2786 proximam
1174 2703 1292 2787 cellam,
1316 2703 1459 2768 decubuit

557 2849 651 2913 super
684 2827 794 2892 tectam
824 2827 944 2892 modica
967 2827 1089 2911 culcita,
1111 2835 1209 2893 vetere
1225 2829 1335 2913 pallia
1349 2834 1459 2911 strato,

558 2957 758 3020 instructam.

380 3167 412 3250 N
413 3189 453 3233 on
485 3168 596 3233 dubito
619 3169 699 3254 quin
723 3169 821 3233 etiam
846 3168 899 3233 hic
921 3165 1061 3233 Vindob.
1085 3189 1133 3254 pr.
1157 3188 1266 3233 veram
1290 3167 1459 3232 lectionem

335 3272 512 3361 servaverit
535 3301 605 3382 post
632 3297 779 3376 „vetere”
803 3294 927 3381 adjecta
947 3294 1104 3381 particula
1128 3293 1242 3379 ,que”.
1263 3292 1463 3358 Lectuserat

335 3421 509 3485 instructus
533 3420 657 3486 modica
679 3420 796 3486 culcita
819 3427 851 3486 01
876 3426 982 3486 vetere
1003 3420 1110 3507 pallio,
1130 3419 1215 3506 quod
1235 3425 1303 3484 erat
1315 3425 1461 3485 stratum.

381 3545 417 3610 Si
449 3546 528 3632 quid
560 3547 594 3609 in
618 3546 675 3611 illa
698 3547 834 3612 lectione
857 3553 982 3611 mutare
1005 3547 1095 3629 libet,
1123 3547 1226 3634 „que”
1250 3546 1358 3632 aptius
1381 3545 1463 3632 adji-

334 3673 420 3738 citur
453 3679 524 3759 post
561 3675 716 3755 ,strate'':
750 3673 874 3738 medica
897 3674 1024 3757 culcita,
1050 3680 1156 3764 petere
1180 3673 1278 3759 pallio
1300 3678 1463 3759 stratoque

336 3799 538 3864 instructum.
573 3799 612 3863 In
647 3799 764 3865 culcita
797 3807 894 3887 eaput
923 3801 1147 3883 reclinabatur,
1172 3801 1206 3864 iu
1229 3807 1326 3866 strato
1349 3821 1464 3887 corpus

332 3925 469 4011 jaeebat,
505 3927 603 4012 pallio
637 3926 815 4012 tegebatur.
852 3924 936 3990 Oum
972 3948 1047 3992 vero
1079 3927 1188 3993 nullus
1219 3927 1320 3992 codex
1344 3932 1464 3991 annuat

336 4051 418 4115 hane
427 4050 648 4142 Oudendorpii
659 4053 873 4140 conjecturam
886 4059 1012 4117 tantum
1024 4075 1272 4119 commemorare
1283 4054 1361 4118 satis
1370 4052 1462 4117 duxi.
