3259 5275
705 614 742 676 or

203 824 295 889 Idem
341 825 444 890 obstat
479 846 519 891 ne
554 825 738 890 cubiculum
776 826 937 912 intelligas
973 826 1053 892 illud
1087 826 1171 913 quod
1207 827 1286 891 alibi

155 958 333 1037 suggestus
357 952 409 1017 vel
432 950 563 1037 podium
588 952 778 1038 appellatur,
803 952 906 1017 locum
933 976 975 1019 sc.
990 954 1156 1019 editiorem
1169 976 1288 1041 exquo

155 1077 252 1142 ludos
275 1085 417 1165 spectare
441 1076 593 1143 Caesares
616 1079 760 1144 solebant
784 1118 823 1127 —
849 1078 906 1144 cfr.
931 1079 990 1145 hoc
1014 1080 1096 1145 libro
1120 1102 1146 1143 c.
1174 1082 1214 1143 12
1234 1118 1285 1147 —-.

204 1204 258 1269 Ad
294 1204 379 1270 hunc
413 1211 522 1269 autem
558 1205 661 1269 locum
698 1204 926 1291 explicandum
964 1205 1014 1271 vel
1048 1204 1284 1269 sollicitandum

155 1332 322 1417 imprimis
356 1331 502 1396 habenda
535 1338 583 1396 est
606 1331 686 1396 ratic
710 1330 835 1415 Dionis,
859 1332 917 1416 qui
940 1331 978 1395 L.
1005 1332 1047 1394 63
1072 1353 1097 1397 c.
1124 1332 1178 1415 21,
1202 1339 1286 1418 post-

153 1478 256 1543 quam
299 1432 586 1544 peregrinationem
633 1456 770 1522 Neronis
814 1458 848 1520 in
890 1455 1036 1539 Graecia,
1080 1456 1219 1522 reditum
1255 1467 1286 1522 et

153 1584 361 1671 triumphum
387 1606 487 1671 paene
512 1583 624 1648 iisdem
651 1584 769 1669 quibus
793 1582 967 1648 Suetonius
987 1586 1094 1649 verbis
1106 1585 1284 1672 descripsit,

153 1709 196 1775 de
223 1712 345 1775 coronis
367 1710 445 1777 baec
468 1710 567 1794 addit,
592 1731 674 1797 quae
697 1712 801 1797 palam
824 1734 896 1775 cum
910 1711 1093 1799 Tranquilli
1106 1715 1285 1777 narratione

154 1842 322 1921 pugnant:
347 1836 398 1900 nal
421 1837 487 1908 τοὺς
511 1835 686 1917 στεφάνους,
710 1836 829 1908 τούτους
848 1861 881 1900 τε
901 1836 953 1901 καὶ
966 1838 1032 1910 τοὺς
1044 1837 1153 1911 ἄλλους
1167 1838 1283 1910 πάντας

154 1960 240 2033 ὅσους
275 1961 387 2042 ἅρμασι
424 1963 542 2036 νικήσας
578 1964 703 2043 εἰλήφει,
735 1965 765 2036 ἐς
795 1964 843 2027 τὸν
874 1964 1049 2044 ἱπποδρομον
1072 1965 1210 2043 trireme
1233 1964 1284 2029 sal

154 2091 197 2167 τῷ
224 2089 365 2168 ὀβελίσκῳ
389 2092 429 2168 τῷ
454 2089 610 2169 Αἰγυπτίῳ
634 2093 802 2168 περιέθηκεν.

203 2214 362 2302 Equidem
406 2214 519 2281 Dionis
562 2215 807 2302 descriptionem
844 2238 952 2282 veram
990 2225 1083 2303 pnt03
1121 2217 1282 2283 Neronem

154 2326 287 2404 coronas
323 2342 443 2405 circum
479 2340 653 2405 obeliscum
685 2340 904 2428 Aegypticum
937 2342 1091 2427 posuisse,
1116 2345 1173 2429 qui
1195 2343 1283 2407 locus

153 2466 196 2529 ad
234 2466 433 2552 recipiendas
467 2474 499 2531 et
522 2467 723 2532 ostentandae
746 2488 874 2532 coronas
898 2474 982 2533 certe
1006 2468 1155 2533 cubiculo
1179 2471 1281 2535 multo

153 2592 261 2678 aptior
295 2597 352 2657 est.
389 2590 494 2666 Quam
525 2592 558 2656 in
590 2593 781 2658 sententiam
813 2600 924 2681 sponte
948 2616 981 2660 se
1005 2594 1279 2661 commendantem

152 2719 301 2804 plerique
324 2719 422 2783 etiam
447 2720 705 2806 interpretatores
728 2720 877 2785 abierunt
899 2728 932 2786 et
949 2721 990 2785 ad
1010 2743 1080 2786 eam
1094 2723 1279 2811 exprimen-

153 2843 228 2906 dam
254 2845 343 2907 varia
365 2843 584 2909 adhibuerunt
606 2846 790 2910 tentamina.
816 2845 906 2911 Inter
928 2848 1194 2933 quae-imprimis
1214 2849 1282 2912 lan·

152 2968 259 3034 danda
289 2970 371 3033 mibi
406 2969 535 3035 videtur
565 2973 746 3057 conjectura
769 2971 812 3035 Is.
839 2971 947 3037 Vossii
970 2973 1124 3058 legentis:
1149 2976 1182 3037 in
1207 2975 1281 3040 obe·

154 3095 244 3160 lisois
279 3094 357 3161 circi
392 3096 548 3161 conlectae
583 3097 709 3183 posuit;
743 3098 862 3162 etenim
898 3098 977 3163 baec
1007 3099 1100 3164 lectio
1124 3120 1281 3187 paruma

153 3220 262 3286 verbis
296 3221 423 3286 traditis
459 3220 579 3286 recedit
614 3229 646 3287 et
678 3222 777 3286 simul
810 3244 883 3287 cum
916 3223 1031 3288 Dionis
1067 3224 1280 3311 descriptione

151 3347 312 3413 convenit.
337 3347 423 3428 Quia
445 3354 552 3412 tamen
577 3355 720 3434 tempore
745 3347 884 3413 Neronis
907 3370 992 3413 unus
1015 3356 1140 3413 tantum
1164 3350 1279 3415 obelis·

152 3493 220 3554 cus,
244 3474 301 3559 qni
324 3472 443 3537 dicitur
468 3473 661 3559 Aegyptius,
686 3473 719 3536 in
744 3474 828 3538 circo
851 3474 964 3556 stabat,
985 3475 1148 3560 singulare
1161 3475 1279 3561 plurali

153 3597 398 3685 praeferendum
423 3621 534 3664 censeo
549 3606 589 3670 ⁴et
612 3599 801 3686 legendum:
823 3599 934 3664 Sacrae
954 3622 1083 3665 coronas
1096 3601 1128 3664 in
1142 3602 1280 3666 obelisco

152 3724 231 3788 circi
255 3695 410 3788 conlectos
434 3725 550 3811 posuit.

341 3937 374 4002 O.
407 3938 458 4004 26.
491 3939 653 4018 Quintana
676 3939 758 4001 dorsi
780 3941 955 4019 constituto,
978 3941 1032 4003 ubi
1047 3946 1165 4023 portae
1187 3949 1215 4004 et
1237 3944 1281 4006 od
1346 3935 1348 3940 ’

375 4062 577 4126 licitationem
618 4063 802 4126 diuidendae
843 4057 982 4144 praedae
1012 4067 1147 4144 pretium
1183 4068 1275 4131 obsu-

375 4193 520 4252 meretur.

196 4359 269 4440 Quo
304 4362 407 4446 magis
441 4360 519 4426 baec
550 4362 647 4427 verba
678 4369 782 4427 mente
814 4363 907 4427 volvo
939 4385 975 4428 eo
998 4364 1106 4427 minus
1129 4385 1167 4428 aa
1192 4373 1277 4431 recta
