3259 5275
866 601 908 663 26

365 810 429 875 Dio
462 812 564 897 igitur
598 832 654 898 pro
688 810 778 898 Bajis
813 811 867 876 dat
902 810 1032 893 Baulos,
1072 808 1158 896 qnod
1192 807 1346 895 oppidum
1382 805 1449 871 lere

316 925 420 989 tribus
444 925 576 991 milibus
598 932 631 991 et
652 927 814 991 sexcentis
839 946 994 1012 passuum
1018 946 1037 988 a
1061 924 1209 989 Puteolis
1234 922 1340 987 distat.

363 1049 479 1139 Neque
502 1052 626 1117 codices
651 1053 780 1117 omnino
799 1052 1020 1134 consentiunt3
1037 1050 1095 1130 „ad
1108 1049 1302 1114 Puteolanas
1316 1046 1447 1130 mcles'‘‚

317 1177 402 1263 quod
425 1178 511 1263 apud
536 1178 691 1243 Rotbium
714 1179 864 1264 legimus,
889 1178 1079 1243 Torrentius
1096 1179 1165 1263 jam
1178 1176 1255 1241 olim
1268 1175 1449 1260 conjecerat

319 1324 375 1390 pro
412 1302 625 1384 „Puteolanas
660 1304 792 1386 moles'’‚
816 1303 902 1390 quod
926 1304 1052 1369 eratin
1076 1301 1248 1369 codicibus.
1273 1299 1312 1364 In
1336 1298 1448 1364 multis

319 1428 413 1492 masis
448 1429 585 1494 habetur
623 1437 674 1511 „et
706 1429 900 1494 Puteolanas
935 1430 1065 1495 mcles''.
1103 1428 1229 1504 Quibus
1263 1426 1448 1512 praemissis

316 1555 495 1621 remedium
518 1555 632 1621 afferre
651 1559 721 1643 jam
745 1577 905 1623 conemur.

361 1679 411 1745 Ac
434 1679 515 1744 mibi
537 1682 670 1767 quidem
691 1682 969 1769 simplicissimum
983 1680 1208 1767 videturquod
1219 1678 1305 1766 apud
1317 1677 1448 1743 Ouden-

317 1803 466 1891 dorpium
490 1805 675 1871 adnotatum
699 1808 842 1892 reperio:
866 1805 1062 1888 „Baulorum
1084 1805 1227 1870 medium
1240 1805 1446 1869 intervallum

318 1937 351 1996 et
381 1929 578 1997 Puteolanae
602 1932 705 2015 molis,
730 1933 830 1995 trium
853 1932 932 1997 etc.’'
957 1930 1027 1997 Nec
1049 1930 1231 1996 mirandum
1256 1929 1393 2012 videtur,
1417 1929 1447 1993 si

317 2058 469 2123 librarius
503 2060 577 2145 quis
612 2081 668 2146 pro
702 2059 832 2124 nomine
867 2059 930 2124 sibi
965 2060 1074 2145 ignoto
1100 2056 1317 2140 „Baulorum”
1342 2058 1447 2142 magis
1507 2037 1511 2043 ⁵

317 2188 427 2247 notum
454 2181 649 2270 „Bajarum”
673 2185 706 2248 in
730 2183 938 2250 describendo
963 2185 1079 2271 posuit.

501 2494 534 2560 0.
566 2494 620 2560 24.
654 2495 719 2559 Nec
752 2496 853 2559 solum
882 2495 1089 2577 chirographo
1118 2497 1265 2579 mnium,
1294 2495 1448 2576 requisita

542 2622 660 2706 fraude
682 2644 718 2686 cc
741 2629 850 2702 stupro
873 2622 1046 2707 divulgavit
1068 2629 1122 2689 etc.

363 2833 539 2920 Disputant
572 2834 657 2899 inter
690 2856 724 2899 se
759 2835 1017 2921 interpretatores
1050 2834 1091 2910 de
1126 2856 1201 2898 voce
1237 2833 1446 2920 „requisita”.

319 2958 477 3023 Nonnulli
500 2981 570 3025 eam
595 2982 651 3046 pro
673 2960 814 3025 ablativo
838 2961 995 3045 singulari
1015 2959 1143 3040 habent,
1156 2981 1254 3046 quem
1266 2959 1446 3024 ablativum

318 3085 366 3149 ita
401 3085 582 3172 explicant:
620 3092 787 3172 postquam
824 3085 969 3149 fraudem
1004 3106 1041 3149 ao
1064 3091 1212 3170 stuprum
1237 3091 1445 3171 compererat.

365 3211 411 3275 At
433 3212 596 3298 requirere
619 3233 681 3276 non
701 3218 767 3275 tam
788 3211 949 3298 significat
967 3212 1154 3297 comperire,
1167 3211 1325 3298 detegere,
1338 3212 1444 3299 palam

317 3337 430 3419 facere,
465 3358 563 3423 quam
597 3338 802 3423 investigare.
835 3337 985 3403 Alterum
1008 3337 1048 3401 ad
1071 3338 1208 3402 alterum
1232 3359 1266 3402 se
1289 3337 1385 3403 habet
1408 3345 1446 3404 ut

318 3462 464 3528 invenire
493 3461 534 3526 ad
564 3484 728 3548 quaerere.
760 3462 855 3528 Illam
878 3463 1127 3549 explicationem
1151 3462 1294 3528 defendit
1315 3462 1445 3529 Ouden-

318 3586 458 3673 dorpius.
483 3586 530 3651 Iis
552 3594 661 3653 autem
685 3589 772 3671 locis,
795 3610 876 3675 quos
899 3589 938 3653 ad
962 3590 1154 3655 sententiam
1177 3611 1267 3653 suam
1292 3590 1444 3655 tuendam

317 3713 427 3778 attulit
451 3753 491 3762 —
516 3737 546 3781 v.
570 3734 600 3799 g.
628 3714 715 3801 Aug.
740 3712 776 3780 O.
803 3717 855 3799 55,
880 3712 983 3801 Oalig.
1009 3713 1045 3782 O.
1070 3717 1109 3779 16
1131 3756 1171 3764 —
1187 3717 1320 3781 verbnm
1336 3717 1446 3804 requi·

315 3837 406 3904 rendi
443 3840 544 3905 multo
580 3840 697 3906 melius
731 3841 947 3926 investigandi
983 3862 1080 3928 quam
1105 3843 1320 3928 comperiendi
1347 3844 1446 3909 verbo

317 3963 470 4032 redditur.
517 3965 589 4029 Alii
627 3935 822 4052 grequisita”
859 3988 916 4053 pro
949 3975 1063 4033 neutro
1098 3967 1216 4053 plurali
1251 3969 1444 4054 accipientes

315 4093 580 4178 interpretantur:
618 4090 840 4178 chirographa,
877 4094 910 4158 in
944 4115 1027 4180 quae
1057 4095 1249 4180 inquisierat
1272 4094 1384 4160 fraude
1406 4115 1444 4159 ac

316 4225 436 4303 stupro,
471 4238 553 4304 quae
576 4219 827 4305 investigaverat
850 4220 1032 4284 mentiendo
1056 4227 1088 4284 et
1111 4220 1210 4284 socios
1234 4221 1355 4306 stupris
1378 4220 1442 4284 sibi

315 4343 521 4408 conciliando.
558 4341 696 4408 Videtur
727 4343 786 4408 hoc
817 4344 988 4410 absurdius
1011 4366 1108 4432 quam
1132 4344 1217 4430 quod
1240 4345 1439 4412 admittatur.
