3259 5275
869 612 910 674 52

319 823 498 889 Domitium
534 825 698 912 potuerit?
733 823 800 889 Our
834 847 949 890 nomen
973 826 1089 890 sororis
1112 846 1173 889 non
1198 825 1342 907 addatur,
1367 848 1442 890 oum

319 951 403 1015 infra
425 972 513 1016 soror
535 951 635 1015 altera
659 951 782 1038 Lepida
806 952 935 1017 nomine
961 951 1144 1016 indicetur?

363 1077 551 1141 Ridiculum
583 1077 679 1141 etiam
713 1076 841 1141 videtur
868 1077 1047 1141 Domitium
1074 1078 1163 1163 prius
1188 1078 1365 1162 aurigarios
1389 1076 1445 1140 de·

318 1202 491 1287 fraudasse,
516 1202 590 1267 dein
614 1201 760 1267 sanxisse
783 1202 1049 1288 repraesentanda
1069 1204 1211 1288 praemia
1223 1203 1256 1265 in
1270 1208 1444 1288 posterum.

318 1329 408 1404 Quae
432 1329 631 1394 incommoda
655 1330 784 1393 omnino
807 1329 878 1393 tolli
902 1328 984 1392 mihi
1009 1328 1160 1393 videntur
1183 1331 1211 1392 si
1230 1330 1345 1413 legeris
1358 1329 1445 1414 quod

317 1458 350 1520 in
385 1456 492 1521 oodioe
527 1455 700 1520 Ursiniano
737 1456 889 1520 habetur:
925 1461 1051 1519 notatus
1074 1456 1114 1519 ob
1139 1455 1217 1520 haee
1240 1462 1271 1519 et
1295 1452 1443 1519 Caesaris

313 1586 396 1669 jooo,
420 1584 479 1670 qui
502 1582 711 1669 querentibus
734 1582 873 1647 dominis
896 1583 1069 1646 factionum
1095 1581 1359 1669 repraesentanda
1382 1588 1444 1647 eto.

360 1710 540 1797 Imperator
573 1732 649 1796 ergo
682 1710 806 1774 facetiis
838 1710 1017 1774 Domitium
1043 1710 1159 1796 petivit
1181 1712 1316 1795 ejusque
1338 1710 1444 1772 avari·

316 1837 395 1899 tiam
420 1836 542 1900 notavit
565 1842 598 1900 et
620 1836 730 1899 sanxit
753 1844 811 1900 eto.
827 1884 833 1898 .
849 1884 856 1898 .
871 1884 900 1931 3.

361 1961 453 2036 Quod
477 1968 585 2027 autem
608 1962 760 2049 objicitur
784 1983 898 2027 nomen
924 1960 1069 2027 Caesaris
1091 1961 1150 2026 hoo
1174 1962 1241 2026 loeo
1260 1959 1443 2024 nimisvul·

315 2108 391 2173 gare
424 2110 493 2154 esse
528 2110 584 2175 pro
625 2088 829 2171 „Tiberius'',
864 2110 928 2174 quo
959 2089 1104 2174 principe
1129 2086 1292 2151 Domitius
1316 2092 1444 2172 praetor

315 2214 378 2277 fuit
412 2214 571 2279 refellitur
604 2237 641 2281 eo
673 2214 756 2300 quod
782 2236 897 2279 nomen
921 2212 1067 2279 Caesaris
1090 2214 1144 2278 hio
1168 2212 1361 2299 intelligitur
1384 2235 1443 2299 pro

316 2361 392 2403 voce
416 2339 623 2426 Imperatoris
648 2341 698 2405 vel
722 2340 888 2425 principis,
912 2340 969 2425 qui
992 2360 1104 2404 sensus
1127 2339 1211 2425 apud
1235 2338 1367 2402 Latinos
1391 2346 1441 2401 est

315 2464 406 2528 valde
430 2465 576 2529 usitatus.
603 2463 724 2530 Oenseo
749 2464 850 2550 igitur
873 2466 1040 2529 lectionem
1061 2464 1178 2529 oodiois
1191 2464 1357 2528 Ursiniani
1370 2487 1441 2528 esse

313 2590 552 2658 admittendam.

492 2927 526 2993 0.
566 2929 616 2992 10.
654 2928 757 3011 Atque
790 2933 828 2989 at
857 2929 1013 2990 certiorem
1044 2928 1146 2991 adduc
1178 2927 1307 2990 indolem
1343 2934 1439 2989 osteo-

534 3055 638 3118 doret.
653 3102 659 3116 .
674 3101 703 3116 ..

355 3350 407 3414 Ex
444 3351 553 3433 variis,
589 3372 667 3437 quas
703 3351 825 3416 oodioes
857 3351 1019 3437 praebent,
1045 3351 1246 3432 lectionibus,
1271 3372 1344 3414 oum
1368 3351 1433 3436 ple-

313 3478 405 3562 rique
436 3475 575 3566 habeant
609 3478 833 3560 „certionem”,
865 3499 949 3541 unus
984 3478 1196 3558 „mitiorem”,
1228 3478 1308 3541 alter
1335 3479 1436 3558 „inte-

310 3603 459 3686 riorem”,
495 3603 610 3667 ultima
642 3604 682 3669 ab
713 3603 891 3668 editoribus
922 3604 1045 3667 eunetis
1068 3603 1213 3690 rejicitur
1236 3624 1341 3689 neque
1364 3625 1434 3667 eam

313 3750 419 3809 rocem
444 3730 477 3793 in
502 3729 587 3793 hune
609 3736 796 3794 contextum
820 3730 976 3816 quadrare
1001 3731 1207 3816 perspicuum
1232 3737 1289 3796 est.

358 3852 575 3935 „Certiorem”
608 3856 648 3920 ab
677 3855 854 3921 editoribus
878 3857 975 3942 vulgo
997 3863 1029 3920 et
1050 3857 1148 3920 etiam
1171 3877 1190 3919 a
1213 3855 1332 3922 Rothio
1356 3858 1436 3920 reoi-

309 3980 407 4066 pitur.
431 3980 591 4067 Equidem
616 3982 756 4067 ingenue
781 3983 882 4047 fateor
905 4005 957 4047 me
976 3982 1052 4048 huie
1075 3983 1309 4049 verbosensum
1323 3991 1435 4069 aptum

308 4112 500 4192 extorquere
534 4128 595 4173 non
632 4109 782 4194 potuisse.
820 4107 996 4194 Postquam
1030 4108 1116 4173 Nero
1141 4109 1270 4194 pietatis
1294 4109 1435 4194 insignia

308 4218 510 4296 documenta*
531 4232 619 4297 dedit
653 4254 729 4319 erga
762 4240 884 4320 patrem
909 4241 941 4299 ot
964 4240 1109 4316 matrem,
1134 4235 1232 4298 etiam
1256 4235 1433 4317 liberalem,

305 4356 493 4422 elementem
513 4364 545 4422 et
569 4380 689 4422 nomem
714 4380 747 4423 se
772 4361 944 4445 praestitit.
969 4358 1076 4433 Quare
1099 4361 1232 4424 autem?
1256 4360 1302 4425 Ut
1321 4363 1434 4426 nertio·
