3259 5275
753 589 792 653 13

207 820 320 865 vocem
347 799 462 881 „eum”
486 799 723 887 interpreteris:
748 806 785 864 ut
804 821 969 887 nunquam
992 807 1098 887 togam
1118 807 1260 866 sumeret
1273 801 1337 866 nisi

205 947 306 1012 super
338 926 480 991 tunicam
512 926 717 1009 laticlaviam,
740 932 777 991 ut
809 926 935 1013 quando
958 933 1084 1012 togatus
1107 927 1141 990 in
1167 926 1332 1013 publicum

207 1051 394 1138 procederet
427 1074 554 1139 semper
587 1053 647 1117 sub
681 1059 756 1139 toga
785 1053 928 1117 tunicam
959 1054 1153 1120 laticlaviam
1185 1056 1335 1140 gereret?

212 1177 357 1244 Verbum
388 1179 490 1265 igitur
524 1179 651 1264 „cingi”
676 1179 812 1245 eundem
837 1200 964 1245 sensum
989 1179 1122 1245 baberet
1150 1200 1186 1245 ac
1212 1187 1336 1267 „togam

209 1304 371 1370 sumere”.

257 1428 475 1494 Vehementer
507 1436 613 1495 tamen
650 1451 759 1495 vereor
793 1436 830 1494 ut
864 1451 1005 1517 unquam
1031 1431 1163 1496 verbum
1188 1432 1337 1518 cingendi

210 1557 268 1621 illc
292 1578 385 1622 sensu
411 1562 566 1622 occurrat.
640 1566 643 1573 '

257 1680 343 1756 Quid
367 1689 474 1748 autem
499 1683 532 1746 in
558 1682 664 1747 verbis
687 1681 814 1746 traditis
837 1683 943 1765 lateat,
968 1683 1126 1770 quomodo
1148 1706 1191 1749 ex
1211 1685 1252 1748 iis
1265 1707 1336 1750 sen·

209 1830 283 1873 sum
309 1808 509 1873 commodum
533 1815 566 1874 et
587 1815 698 1895 aptum
723 1809 827 1894 magis
849 1829 999 1895 paremus
1021 1831 1084 1875 non
1109 1809 1214 1876 video.

394 2008 428 2075 0.
466 2009 519 2072 52.
556 2008 690 2073 Helvius
723 2010 826 2072 Cinna
849 2009 905 2072 Tr.
930 2008 979 2073 Pl.
1001 2009 1157 2095 plerisque
1178 2012 1337 2094 confessas

435 2143 479 2199 cst
502 2136 645 2199 babuisse
666 2156 698 2198 se
721 2135 870 2219 scriptam
890 2139 1100 2220 paratamque
1119 2137 1221 2221 tapam,
1242 2158 1336 2221 quam

439 2261 557 2326 Caesar
580 2262 667 2344 ferre
683 2261 840 2343 jussisset,
864 2282 935 2323 eum
953 2263 1019 2345 ipse
1030 2244 1155 2345 abesset,
1167 2265 1215 2325 uti
1226 2283 1338 2326 uxores

435 2387 600 2451 liberorum
623 2387 871 2472 qaaermtdcrum
895 2407 991 2451 caasa
1010 2408 1092 2471 quus
1111 2393 1140 2451 et
1158 2395 1230 2472 quot
1250 2389 1337 2451 vellet

436 2515 546 2578 ducere
569 2514 682 2577 liceret.

258 2689 397 2754 Videtur
430 2689 513 2752 mihi
548 2689 606 2753 hoc
637 2688 806 2752 absurdius
842 2709 938 2775 quam
971 2698 1006 2754 ut
1029 2690 1166 2773 credam,
1193 2689 1339 2756 Caesaris

212 2816 304 2900 jussu
339 2816 444 2900 legem
479 2814 642 2879 ferendam
677 2813 787 2896 fuisse,
811 2833 876 2897 qua
910 2814 941 2877 el
976 2813 1092 2878 licebat
1127 2821 1204 2900 quot
1239 2815 1336 2879 vellet

216 2965 331 3008 uxores
354 2943 479 3008 ducere.
505 2940 540 3005 si
563 2942 649 3006 enim
674 2939 790 3006 Caesar
813 2948 921 3006 contra
945 2962 1065 3005 morem
1086 2943 1242 3026 majorum
1266 2944 1338 3029 plu·

215 3091 263 3134 res
294 3089 412 3133 uxores
435 3068 551 3133 ducere
575 3067 738 3149 voluisset,
762 3089 825 3131 non
848 3067 927 3132 adeo
950 3073 1147 3153 contemptor
1171 3069 1337 3133 civilitatis

215 3202 281 3258 erat
316 3201 352 3258 ut
387 3216 449 3258 nen
481 3194 587 3279 petius
619 3192 836 3278 polygamiam
860 3190 1009 3256 omnibus
1033 3192 1130 3256 licere
1154 3213 1250 3277 quam
1275 3194 1338 3257 sibi

215 3321 272 3384 soli
296 3321 367 3404 lege
391 3319 582 3384 decerneret.
596 3316 686 3381 Sicut
699 3325 807 3404 postea
820 3316 985 3399 Claudius,
1000 3319 1217 3404 Agrippinam
1230 3319 1338 3383 fratris

215 3447 315 3511 filiam
347 3446 512 3526 ducturus,
545 3446 642 3510 etiam
674 3445 786 3508 ceteris
820 3445 948 3508 veniam
979 3444 1068 3508 dedit
1091 3445 1204 3508 talium
1224 3447 1339 3530 conju-

215 3575 352 3658 giorum,
376 3593 459 3658 quae
482 3578 576 3636 antea
600 3572 720 3635 incesta
743 3569 954 3635 habebantur.

259 3701 290 3762 A
315 3699 478 3762 nonnullis
503 3697 573 3763 ideo
599 3697 797 3782 propositum
822 3702 871 3760 est
897 3715 995 3780 „quae
1016 3696 1089 3781 quis
1109 3703 1230 3782 etquut
1244 3698 1340 3763 vellet

215 3824 295 3889 etc.”
332 3844 429 3909 quam
463 3822 641 3903 lectionem,
673 3820 701 3884 si
731 3819 850 3904 aliquis
881 3818 982 3884 codex
1014 3827 1179 3903 annueret,
1202 3822 1339 3888 libenter

215 3949 399 4034 reciperem.
426 3946 516 4012 Haec
538 3967 613 4011 vero
636 3946 701 4010 sola
725 3952 773 4009 est
796 3944 943 4008 codicum
967 3946 1104 4010 varietas
1118 3945 1203 4031 quod
1216 3945 1337 4012 Vindo-

216 4075 364 4140 bonensis
388 4080 420 4138 et
444 4073 528 4137 Med.
552 4073 676 4159 primus
696 4076 728 4136 et
739 4070 854 4134 tertius
866 4090 939 4133 cum
953 4069 1114 4135 nonnullis
1127 4069 1338 4134 deterioribus

216 4222 272 4286 pro
311 4200 448 4280 „vellet”
484 4197 683 4262 tradiderunt
716 4195 887 4276 „vellent’'.
912 4194 1019 4267 Quare
1042 4194 1123 4258 hanc
1147 4195 1253 4280 potius
1277 4196 1339 4260 lee-

216 4328 336 4391 tionem
360 4323 612 4390 commendatam
637 4323 716 4388 volo.
