3259 5275
726 603 766 663 63

173 833 233 896 pro
272 811 431 892 „rosaria”
467 812 562 875 etiam
599 812 718 896 legitur
753 812 872 877 rosoric
903 813 954 876 vol
978 814 1107 893 rasoria,
1132 820 1206 878 ante
1235 837 1302 895 „ro-

173 938 280 1001 saria”
304 938 339 1001 iu
364 938 526 1001 nonnullis
550 938 642 1001 libris
665 937 826 1003 antecedit
847 938 991 1025 absyrtio
1014 939 1066 1004 vel
1089 940 1241 1007 absentio.

221 1063 306 1128 Mihi
330 1066 363 1127 in
387 1064 446 1129 boc
469 1065 537 1129 loco
561 1064 797 1150 interpretando
818 1066 1303 1152 meraetenebraeconsurgunt.

173 1188 252 1255 Vox
298 1190 487 1272 „mitellita”
530 1189 610 1253 alibi
644 1210 706 1254 non
741 1191 888 1272 occurrit„
925 1191 1080 1255 rosarium
1119 1192 1304 1277 ubicunque

171 1316 336 1401 significat
359 1317 462 1381 locum
488 1315 539 1381 vel
562 1315 737 1397 hortulum,
763 1316 821 1380 ubi
846 1338 934 1381 rosae
959 1318 1115 1381 coluntur.

221 1439 339 1507 Variae
374 1462 454 1528 quas
487 1444 674 1507 enumeravi
704 1444 855 1508 lectiones
878 1464 941 1507 non
967 1444 1075 1507 minus
1099 1444 1303 1508 obscuritatis

172 1566 304 1635 habent.
340 1566 405 1641 Qui
440 1590 515 1633 vero
550 1570 619 1632 voci
658 1569 849 1650 „mitellita”
886 1591 1013 1634 sensum
1038 1570 1115 1635 huie
1138 1572 1206 1635 loco
1229 1571 1301 1656 plus

173 1694 325 1758 minusve
355 1701 467 1780 aptum
492 1695 612 1779 fingere
635 1677 738 1759 conati
763 1703 839 1760 sunt
860 1694 1011 1760 videntur
1034 1674 1119 1760 mihi
1140 1699 1245 1763 oleum
1270 1706 1302 1762 et

172 1839 303 1903 operam
328 1818 514 1905 perdidisse.
539 1819 607 1884 Alii
634 1821 820 1905 intelligunt
845 1822 993 1885 mitellita
1012 1844 1081 1887 esse
1101 1845 1230 1888 coronas
1250 1826 1301 1889 vel

172 1953 361 2009 ornamenta
394 1945 562 2033 quaedam,
596 1946 653 2010 alii
689 1947 839 2012 mitellita
870 1969 927 2033 pro
957 1947 1116 2033 adjectivo
1139 1958 1301 2014 sumentes

173 2071 362 2157 intelligunt
397 2072 565 2153 „mitellita
596 2074 723 2156 coena”„
747 2072 833 2159 quod
856 2073 1038 2159 explicant:
1062 2095 1159 2138 coena
1183 2076 1215 2138 in
1240 2097 1305 2160 qua

173 2199 368 2263 munuscula
400 2199 433 2261 in
466 2220 583 2285 parvae
607 2200 721 2264 mitrae
744 2199 883 2284 figuram
907 2200 1042 2264 formata
1066 2200 1303 2267 dividebantur.

173 2322 284 2387 Merae
316 2330 391 2387 sunt
420 2325 628 2410 suspiciones„
661 2346 744 2410 quae
775 2334 811 2389 ut
835 2348 898 2390 non
922 2326 1078 2391 absurdae
1102 2335 1177 2390 sunt
1199 2329 1245 2392 sio
1268 2334 1303 2391 ut

173 2448 351 2533 probentur
381 2451 579 2535 argumentis
611 2451 765 2537 indigent.
798 2452 951 2517 Mitellita
974 2461 1081 2517 autem
1106 2476 1175 2519 esse
1197 2455 1302 2540 adjec-

172 2574 279 2639 tivum
316 2596 353 2640 eo
388 2576 495 2642 minus
527 2577 619 2642 credo
650 2577 733 2665 quod
761 2579 921 2660 „rosaria”
946 2584 1022 2644 tunc
1045 2580 1141 2644 etiam
1168 2602 1224 2666 pro
1247 2581 1301 2645 ad-

168 2701 291 2785 jectivo
314 2700 497 2766 babendum
522 2710 614 2768 esset.
640 2703 725 2778 Quid
751 2727 825 2769 vero
849 2712 897 2769 est
921 2707 1040 2769 rosaria
1063 2707 1184 2770 coena?

219 2825 422 2913 Quamquam
460 2829 561 2913 igitur
596 2836 734 2916 praestat
769 2830 902 2896 fortasse
937 2839 1039 2895 totum
1077 2832 1192 2914 locum„
1228 2853 1302 2895 cum

171 2957 294 3015 certum
327 2953 506 3017 remedium
537 2955 671 3020 indicari
702 2978 764 3020 non
792 2959 901 3042 possit„
927 2959 1082 3022 intactum
1109 2958 1300 3044 relinquere,

171 3099 235 3142 non
266 3086 372 3142 tamen
404 3080 552 3143 reticeam
585 3081 664 3166 quid
695 3082 775 3148 mihi
798 3083 918 3168 legenti
942 3084 975 3146 in
1001 3091 1139 3148 mentem
1165 3085 1299 3152 venerit.

172 3202 264 3276 Quod
300 3206 328 3267 si
362 3227 423 3268 non
460 3207 548 3269 omni
583 3229 625 3271 ex
649 3214 738 3294 parte
762 3209 915 3294 probetur
937 3210 1010 3272 aliis
1035 3210 1166 3274 fortasse
1189 3231 1298 3274 ansam

171 3329 298 3394 dederit
320 3353 432 3395 verum
458 3332 654 3397 inveniendi.

217 3455 290 3519 Jam
315 3479 334 3520 a
357 3458 467 3521 multis
491 3458 631 3522 indicata
655 3467 703 3523 ost
727 3482 791 3524 vox
819 3461 982 3542 „mellita”
1006 3484 1063 3548 pro
1090 3463 1296 3543 „metellita’'‚

171 3585 266 3668 cujus
303 3584 479 3669 unicuique
513 3585 606 3651 credo
641 3586 761 3673 legenti
797 3588 829 3649 in
866 3595 1005 3652 montem
1030 3589 1150 3654 venire.
1176 3589 1300 3654 Mellita

171 3715 247 3772 sunt
269 3709 411 3773 crustula
435 3711 487 3774 vel
511 3710 645 3775 bellaria
668 3712 763 3777 molle
786 3711 913 3776 condita
936 3713 988 3779 vol
1012 3714 1104 3799 pista.

217 3833 280 3899 Pro
314 3836 473 3916 „rosaria”
507 3837 639 3922 legerim
677 3841 891 3920 „rosaceum''‚
916 3861 999 3925 quae
1023 3863 1086 3906 vox
1111 3842 1132 3904 i.
1159 3863 1188 3906 a.
1211 3843 1299 3908 Plin.

171 3959 216 4024 H.
242 3959 283 4024 N.
308 3960 346 4028 L.
372 3961 424 4044 22,
449 3958 484 4026 Ο.
511 3963 553 4024 24
577 3969 609 4028 et
632 3962 669 4029 L.
695 3964 747 4045 32,
772 3962 808 4030 O.
835 3965 853 4025 7
883 3987 939 4051 pro
964 3967 1032 4030 oleo
1056 3988 1182 4032 rosaceo
1205 3991 1299 4034 usur·

171 4092 277 4173 patur.
301 4085 393 4160 Quod
416 4086 518 4150 solum
544 4087 620 4152 huic
640 4091 839 4174 conjecturae
858 4091 983 4156 obstare
1003 4091 1132 4156 videtur
1152 4133 1192 4141 —
1213 4096 1298 4180 quod

171 4219 279 4276 tamen
302 4213 399 4276 etiam
424 4213 552 4277 lectioni
576 4215 725 4298 vulgatae
747 4215 885 4300 aliisque
909 4217 1011 4281 obstat
1033 4257 1073 4264 —
1095 4225 1143 4281 est
1154 4241 1299 4286 summae

171 4337 364 4424 quadragies
395 4339 533 4402 sestertii
564 4339 760 4423 magnitudo.
795 4339 1037 4426 Quadringenta
1071 4343 1175 4406 millia
1208 4345 1298 4408 flore-
