3259 5275
698 594 738 655 47

152 803 313 887 particula
335 804 421 867 enim
447 804 503 868 illa
526 805 584 869 hoc
608 806 676 869 loco
700 807 829 870 omnino
849 808 950 872 otiosa
963 809 1098 876 videtur.
1112 809 1162 874 De
1175 811 1282 875 verbis

149 934 264 993 autem
287 950 369 1017 quae
394 931 542 1017 proxime
566 931 758 997 antecedunt
781 934 866 998 inter
888 934 987 999 libros
1007 957 1108 999 mssos
1128 957 1189 999 non
1210 958 1283 1001 con·

149 1056 253 1121 venit.
290 1053 400 1121 Codex
435 1056 521 1121 enim
559 1056 775 1122 Memmicnus
811 1065 843 1122 et
877 1060 1023 1124 nonnulli
1058 1062 1115 1124 alii
1147 1061 1282 1126 habent:

149 1201 210 1264 pro
243 1183 352 1246 rostris
383 1182 510 1269 populo,
535 1184 619 1248 alius
652 1184 782 1271 quidam
809 1184 957 1249 tradidit:
982 1195 1201 1253 commonente
1225 1210 1282 1274 pro

147 1306 279 1371 Rostris
302 1309 428 1395 populo,
452 1310 616 1397 plerique:
642 1312 834 1375 commonito
859 1333 915 1397 pro
938 1311 1063 1377 Rostris
1088 1316 1213 1401 populo.

195 1433 337 1499 Rothius
368 1444 475 1500 autem
508 1437 607 1501 fretus
631 1436 737 1502 codice
762 1436 958 1501 Memmiano
982 1438 1116 1503 verbum
1142 1460 1279 1505 commo·

147 1560 269 1625 nente”
295 1562 345 1625 vel
374 1563 606 1642 „commonito”
632 1568 669 1626 ut
692 1563 830 1627 otiosum
854 1562 983 1629 delevit.
1008 1563 1092 1627 Mihi
1119 1586 1193 1629 vero
1213 1588 1277 1630 vox

151 1686 388 1766 „commonito”
412 1709 616 1775 nequaquam
640 1709 839 1776 supervacua
863 1690 933 1753 visa
956 1696 1013 1755 est.
1038 1689 1167 1755 Solebat
1189 1693 1275 1755 enim

146 1810 274 1876 Romae
309 1814 457 1899 populus,
488 1819 660 1899 antequam
694 1836 744 1879 res
766 1816 931 1900 graviores
954 1817 1023 1880 sive
1046 1816 1086 1879 ad
1110 1816 1184 1881 deos
1207 1818 1277 1883 sive

146 1937 187 2001 ad
209 1939 442 2026 rempublicam
455 1941 650 2027 pertinentes
662 1942 715 2027 agi
727 1947 857 2027 coeptae
868 1947 983 2023 essent,
996 1941 1035 2005 de
1048 1962 1155 2006 rerum
1168 1950 1276 2007 tenore

147 2070 180 2129 et
215 2067 375 2151 gravitate
406 2068 610 2133 commoneri,
643 2066 782 2132 Videtur
802 2074 911 2132 autem
936 2088 985 2143 res
1009 2066 1049 2132 de
1071 2089 1135 2153 qua
1159 2069 1276 2153 agitur,

148 2181 332 2274 procuratio
364 2191 504 2279 prodigii
531 2198 771 2271 terraemotus,
800 2190 978 2255 aOlaudio
1003 2213 1059 2277 pro
1084 2193 1160 2255 satis
1184 2195 1277 2277 gravi

148 2314 262 2382 habita
284 2340 370 2402 esse3
394 2320 680 2384 summovebantur
703 2320 788 2383 enim
814 2319 977 2405 peregrini
1000 2325 1033 2383 et
1056 2318 1191 2404 profani.

192 2441 302 2507 Etiam
334 2442 426 2508 valde
457 2444 634 2509 verisimile
665 2450 712 2509 est
735 2444 889 2530 populum
915 2444 1075 2527 ignarum,
1100 2449 1271 2530 antequam

148 2567 324 2656 imperator
356 2570 604 2636 obsecrationem
637 2571 784 2657 praeiret,
815 2571 885 2634 sive
907 2568 1010 2634 edicto
1033 2569 1103 2633 sive
1127 2570 1272 2634 contione

146 2693 186 2758 de
222 2717 257 2758 re
291 2696 414 2781 agenda
447 2718 516 2762 esse
550 2696 759 2761 admonitum.
792 2696 880 2771 Quas
909 2697 949 2760 ob
974 2697 1112 2761 rationes
1139 2697 1274 2760 verbum

150 2823 395 2904 „commonito'',
419 2823 504 2908 quod
528 2824 675 2912 plerique
699 2823 774 2888 libri
798 2823 891 2888 nobis
914 2829 1100 2904 servarunt,
1125 2828 1162 2887 ut
1181 2822 1273 2886 valde

146 2949 324 3014 sententiae
358 2956 468 3036 aptum
504 2950 704 3014 retinendum
737 2950 830 3014 credo
861 2957 893 3014 et
923 2949 1112 3035 legendum:
1137 2970 1272 3034 eamque

148 3073 216 3160 ipse
243 3078 319 3162 jure
348 3075 515 3142 Pontificis
549 3076 689 3141 Maximi
711 3076 902 3141 commonito
925 3097 981 3161 pro
1005 3074 1130 3139 Rostris
1153 3076 1271 3160 populo

145 3203 295 3285 praeiret.

327 3465 359 3531 0.
385 3464 438 3532 22.
462 3464 535 3528 Noa
554 3463 730 3547 principum
752 3484 785 3526 se
807 3463 862 3526 sed
884 3463 1062 3526 ministrum
1086 3463 1153 3546 epit.

189 3701 305 3768 Latine
340 3701 468 3767 dicunt:
503 3721 599 3787 agere
634 3700 823 3787 principem,
854 3719 949 3783 agere
981 3698 1174 3762 ministrnm.
1200 3696 1266 3764 cfr.

145 3824 218 3894 Tib.
251 3851 276 3894 c.
309 3829 359 3894 12.
387 3827 580 3910 „Enimvero
602 3834 678 3891 tuno
701 3847 762 3890 non
787 3826 950 3912 privatum
975 3824 1067 3889 modo
1090 3824 1145 3890 sed
1168 3826 1266 3889 etiam

144 3954 321 4020 obnoxium
344 3961 377 4019 et
399 3953 558 4040 trepidum
579 3951 677 4038 egit,'’
699 3951 776 4017 ibid.
800 3973 826 4017 c.
852 3952 893 4014 26
922 3950 1070 4031 „civilem
1094 3950 1265 4014 admodum

145 4078 228 4145 inter
250 4080 345 4143 initia
367 4100 404 4143 ac
428 4078 523 4164 paulo
546 4078 654 4140 minus
677 4098 773 4162 quam
799 4077 962 4162 privatum
986 4076 1074 4161 egit''
1100 4074 1172 4140 Tib.
1193 4096 1220 4141 c.
1235 4076 1264 4141 6.

149 4203 282 4292 „Neque
316 4227 359 4271 ex
382 4226 419 4270 eo
442 4205 565 4269 destitit
588 4203 776 4290 participem
800 4208 898 4287 atque
921 4202 1019 4266 etiam
1042 4206 1179 4266 tutorem
1206 4201 1266 4263 iur-

144 4331 225 4415 perii
248 4330 375 4416 agere.'’
