3259 5275
666 536 779 638 ‘oe

203 786 358 845 contextu
393 804 520 849 omnem
554 785 849 872 interpretationem
884 788 1009 875 effugit.
1047 790 1154 865 Quare
1189 794 1330 857 etiama

203 906 369 971 veteribus
390 907 567 975 editoribus
589 916 637 975 est
658 913 769 997 ejecta.

386 1182 420 1250 0.
446 1183 498 1247 35.
524 1233 531 1247 .
546 1233 554 1247 .
569 1234 576 1248 .
591 1186 783 1251 ‚Antoniam
808 1188 924 1254 Olandi
941 1190 1044 1270 filiam
1056 1239 1064 1255 .
1078 1238 1086 1255 .
1100 1240 1130 1255 ..
1153 1194 1248 1274 qnasi
1269 1215 1330 1259 mo·

425 1309 555 1374 litriaem
577 1331 731 1375 nooarnm
753 1334 862 1377 rernm
883 1316 1048 1382 interemit.
1073 1316 1223 1381 Similiter
1245 1320 1330 1381 inter

426 1441 539 1500 eeteros
559 1442 616 1500 ant
637 1437 797 1521 affinitate
820 1439 930 1524 aliqua
950 1441 1010 1504 sibi
1030 1446 1089 1505 ant
1094 1442 1328 1527 propinquitate

425 1563 614 1647 eonjnnotoa.

248 1798 356 1865 Verba
384 1799 553 1882 „similiter
576 1802 660 1866 inter
679 1802 821 1867 oeteros”
842 1824 936 1868 sensu
958 1810 1074 1871 carent.
1098 1804 1137 1868 In
1150 1806 1191 1869 iis
1204 1806 1326 1871 traden-

201 1926 252 1991 dis
276 1927 414 1991 multum
437 1927 515 1993 libri
538 1928 616 1992 mesi
638 1928 723 1993 inter
745 1929 989 2016 sedisorepant3
1002 1932 1324 1997 intervariasautem

136 2032 145 2051 ⁰
200 2052 346 2118 oodioum
370 2054 521 2119 lectiones
544 2059 575 2119 et
599 2055 703 2119 varias
726 2055 963 2121 emendationes
986 2058 1163 2143 propositas
1182 2058 1326 2123 maxime

199 2179 422 2245 observatione
445 2179 579 2265 dignum
603 2180 686 2244 mihi
711 2181 838 2246 videtur
861 2181 946 2269 quod
970 2182 1072 2248 oodex
1084 2183 1325 2268 Friburgensis,

199 2304 313 2371 habet:
356 2306 506 2371 similiter
547 2307 709 2372 interemit
743 2312 872 2375 eeteros.
910 2307 1001 2382 Quae
1036 2309 1140 2392 lentio,
1175 2310 1325 2396 quamvis

197 2432 304 2518 primo
337 2432 488 2519 adspeotu
524 2432 618 2518 plane
641 2434 810 2519 perspicua
834 2439 866 2498 et
889 2433 992 2497 faailis
1016 2434 1173 2516 videatur,
1198 2434 1323 2500 duobus

196 2564 305 2623 tamon
329 2557 538 2623 incommodis
562 2557 692 2622 laborat.
720 2557 853 2623 Molesta
876 2560 963 2623 enim
988 2565 1036 2624 est
1059 2560 1208 2646 repetitio
1233 2561 1324 2626 verbi

122 2771 125 2776 Ι
200 2684 415 2768 „interemit’'‚
446 2684 531 2772 quod
563 2685 674 2772 pauois
706 2685 813 2751 verbis
836 2692 910 2751 anto
934 2686 1105 2772 praeeedit,
1130 2693 1163 2751 et
1187 2687 1322 2752 verbum

199 2812 390 2894 „similiter”
414 2832 476 2875 non
500 2832 575 2875 eum
599 2832 663 2898 quo
686 2832 766 2898 opus
786 2817 834 2900 est
853 2832 983 2876 sensum
1004 2810 1110 2876 habet.
1131 2810 1324 2898 Requiritur

195 2939 283 3004 enim
306 2960 337 3002 v.
349 2960 381 3024 g.
402 2937 512 3003 eodem
532 2937 677 3020 erimine,
690 2936 800 3002 eodem
813 2941 983 3022 praetextu
997 2943 1067 3019 eto,
1079 2956 1177 3023 quem
1189 2958 1318 3001 sensum

195 3064 293 3130 verbo
326 3063 516 3146 „similiter”
547 3062 682 3126 attribui
711 3083 802 3148 posse
828 3064 887 3127 vix
910 3062 1012 3128 oredo.
1036 3061 1267 3127 Perizonianus
1291 3071 1323 3128 et

195 3165 418 3256 Harlemensis
450 3188 585 3253 habent:
619 3188 769 3253 similiter
800 3189 877 3252 item
910 3194 1041 3269 eeteros,
1069 3188 1102 3250 in
1124 3188 1244 3274 quibus
1266 3193 1323 3252 aut

194 3318 273 3382 item
313 3323 367 3380 aut
410 3316 560 3380 similiter
594 3314 748 3379 abundat.
786 3313 976 3379 Torrentius
1012 3335 1121 3378 vooem
1156 3315 1322 3379 molestam

200 3444 323 3524 „inter”
348 3444 400 3509 vel
426 3443 545 3524 „item’f
568 3442 716 3528 rejioiens
740 3443 785 3506 ita
808 3441 905 3526 legit:
933 3441 1102 3522 „similiter
1124 3443 1265 3506 ceteros'’
1285 3462 1322 3506 ao

196 3572 332 3638 verbum
348 3659 349 3662 Ἴ
364 3568 574 3635 interemendi
599 3570 651 3633 vel
674 3567 827 3655 perdendi
852 3567 903 3632 vel
926 3567 1033 3631 simile
1055 3566 1135 3654 quid
1158 3589 1200 3632 ex
1224 3568 1322 3633 verbo

195 3699 280 3785 quod
306 3697 467 3784 praeeedit
494 3696 696 3778 „interemit”
721 3695 893 3781 supplevit.
919 3692 1027 3779 Aegre
1052 3700 1160 3759 tamen
1185 3693 1320 3759 verbum

196 3825 255 3890 hoo
277 3824 485 3890 desideratur.
604 3828 605 3833 ’

240 3950 332 4025 Quod
362 3956 470 4015 autem
500 3954 706 4033 exspectatur
733 3953 780 4011 est
808 3969 837 4012 v.
850 3968 882 4031 g.
907 3946 1008 4010 simili
1034 3946 1175 4032 perniaie
1200 3946 1321 4010 invasit

194 4085 324 4160 eeteros,
348 4077 400 4142 vel
422 4075 572 4140 similiter
591 4072 766 4138 aoousaudo
786 4078 907 4136 eeteros
927 4078 985 4138 etc.
1007 4071 1148 4155 Roganti
1161 4070 1319 4156 quomodo

195 4227 237 4270 ex
267 4204 309 4268 iis
340 4223 423 4290 quae
452 4206 624 4288 supersunt
650 4200 818 4264 lectionem
843 4219 905 4261 non
929 4197 974 4261 ita
996 4195 1167 4260 absurdam
1192 4216 1318 4281 eompa-

195 4351 265 4395 rare
295 4330 453 4420 possimus
483 4326 700 4413 responderim
733 4323 885 4409 legendo:
909 4321 1113 4387 insimulavit
1135 4323 1213 4386 item
1236 4327 1320 4386 oete-
