3259 5275
320 784 505 871 requiritur,
530 784 667 847 nimium
694 804 714 847 a
736 789 830 849 textu
856 783 972 849 tradito
996 784 1125 867 recedit,
1151 805 1247 871 quam
1272 786 1326 850 cui
1350 785 1448 850 fidem

319 909 505 975 habeamus.
538 909 665 974 Tollere
694 931 803 975 vocem
832 910 1033 996 „receptam”
1058 916 1094 975 ut
1117 911 1247 975 omnino
1271 933 1369 998 super
1394 933 1448 977 va·

320 1056 413 1100 cuam
438 1056 500 1099 non
525 1036 570 1099 ita
593 1036 752 1118 timerem,
772 1034 865 1099 modo
889 1034 1031 1101 viderem
1055 1057 1119 1123 qua
1143 1036 1264 1102 ratione
1288 1059 1352 1101 vox
1374 1038 1449 1123 reji-

321 1160 433 1227 cienda
457 1161 490 1225 in
515 1166 641 1225 textum
666 1160 841 1248 irrepserit.

366 1287 565 1374 Quocunque
595 1310 647 1352 me
671 1294 759 1353 verto
784 1308 891 1353 merae
914 1288 1075 1352 tenebrae.
1099 1288 1249 1352 Fortasse
1271 1308 1290 1352 a
1310 1288 1451 1353 meliori·

322 1416 383 1479 bus
418 1415 511 1478 mssis
547 1414 725 1479 remedium
758 1414 858 1501 hujus
890 1414 951 1478 loci
974 1420 1022 1480 est
1046 1415 1308 1503 exspectandum.
1332 1414 1451 1480 Verbis

322 1541 449 1605 traditis
484 1547 568 1606 certe
605 1561 666 1605 non
702 1541 902 1627 acquiescam
939 1561 997 1605 nec
1031 1540 1189 1626 quomodo
1220 1562 1263 1607 ex
1287 1541 1329 1605 iis
1351 1540 1451 1606 verba

324 1668 500 1764 sententiae
522 1668 745 1733 convenientia
769 1666 892 1753 possint
914 1667 996 1753 fingi
1019 1666 1123 1733 video.

503 1953 537 2020 0.
574 1954 604 2017 4.
648 1952 690 2031 pt
725 1951 967 2033 nenecessitatem
1003 1953 1084 2029 ἡμῖν,
1118 1975 1209 2034 posse
1243 1974 1311 2017 cum
1345 1974 1452 2035 perere

547 2079 676 2143 honores
698 2080 890 2145 arbitremur
913 2100 1018 2145 eccae.

368 2310 450 2378 Oum
488 2315 565 2379 mssi
597 2315 679 2379 inter
710 2335 743 2379 ee
766 2313 948 2401 discrepent
971 2312 1005 2376 in
1029 2312 1181 2379 tradenda
1205 2335 1281 2378 voce
1308 2337 1450 2394 ,recono-

325 2438 488 2521 κειμένου”,
524 2440 557 2502 in
588 2438 750 2503 nonnullis
782 2437 905 2505 Graeca
937 2440 1035 2504 rerba
1065 2438 1195 2503 omnino
1218 2438 1451 2521 desiderentur,

323 2564 381 2629 elii
415 2565 553 2630 habeant
587 2564 843 2645 προυποκειμένων,
878 2565 935 2628 alii
966 2564 1214 2645 προυποκείμενον,
1247 2584 1310 2628 non
1337 2562 1451 2628 dubito

324 2693 401 2779 quin
430 2692 631 2758 accusativus
654 2697 767 2757 neuter
790 2692 965 2778 singularis
988 2693 1030 2756 sit
1053 2690 1291 2778 praeferendus.
1328 2690 1450 2756 Notum

324 2826 372 2882 est
403 2817 488 2904 apud
520 2816 658 2882 Graecos
688 2818 858 2905 scriptores
882 2819 915 2882 in
940 2818 1208 2905 impersonalibus
1231 2818 1451 2883 accusativum

323 2943 505 3008 absolutum
532 2965 589 3029 pro
611 2943 755 3028 genitivo
778 2943 924 3008 adhiberi
950 2968 980 3009 v.
993 2966 1024 3030 g.
1049 2945 1121 3018 δέον,
1145 2951 1283 3024 προσῆκον
1308 2951 1367 3008 etc.

505 3213 538 3282 O.
564 3217 594 3280 4.
619 3218 779 3282 Tiberium
802 3219 1026 3283 adulescentem
1047 3239 1099 3300 epo
1117 3239 1196 3300 cero,
1208 3219 1328 3282 dumtu
1340 3218 1451 3303 eberh,

544 3344 652 3408 cotidie
678 3344 813 3409 invitabo
843 3345 886 3408 od
914 3364 1050 3429 coenem,
1082 3365 1121 3408 ac
1145 3344 1229 3409 colus
1252 3351 1359 3408 coenet
1381 3366 1450 3408 cum

544 3490 601 3533 suo
624 3468 760 3549 Sulpicio
782 3477 810 3534 ct
833 3471 1041 3535 Athenodoro.

369 3706 514 3792 Apparet
538 3704 725 3790 Augustum
751 3725 846 3790 agere
869 3704 909 3769 de
934 3704 1073 3771 Olaudio
1093 3727 1192 3793 puero
1211 3705 1316 3770 adhuc
1334 3714 1366 3771 et
1385 3727 1452 3770 om-

324 3833 399 3920 nino
431 3831 569 3896 aliorum
608 3832 728 3897 tutelae
767 3832 921 3919 subjecto.
960 3832 1126 3919 Sulpicius
1160 3839 1192 3898 et
1227 3832 1454 3898 Athenodorus

325 3959 475 4025 videntur
510 3980 578 4023 esse
615 3959 761 4043 magistri
795 3956 925 4022 Olaudii
957 3959 998 4022 ab
1022 3959 1171 4044 Augusto
1195 3959 1360 4024 nominati.
1385 3955 1453 4023 of.

324 4107 350 4150 c.
386 4086 424 4148 41
468 4084 666 4165 ,Historiam
700 4084 733 4147 in
765 4084 992 4166 adulescentia,
1015 4084 1161 4167 hortante
1185 4084 1222 4148 T.
1248 4084 1354 4166 Livio,
1379 4082 1453 4147 Sul-

327 4210 411 4297 picio
446 4232 520 4274 vero
554 4209 656 4273 Flavo
686 4209 783 4273 etiam
807 4209 991 4296 adjuvante,
1015 4209 1153 4274 scribere
1178 4209 1348 4295 adgressus
1371 4209 1452 4274 cst’'.

326 4335 466 4423 Subjicit
491 4342 529 4415 (c.
554 4339 586 4417 4)
612 4335 798 4421 Augustus:
832 4334 917 4416 ,Qui
942 4336 1057 4400 vellem
1083 4335 1271 4420 diligentius
1294 4342 1326 4399 et
1346 4337 1456 4401 minus
