3259 5275
699 604 740 665 33

198 814 252 878 Ne
287 813 464 879 verisimile
499 813 630 899 quidem
664 821 712 878 est
735 813 818 877 bona
843 835 987 879 sororum
1011 835 1030 878 a
1054 813 1204 901 Caligula
1225 836 1285 879 rm·

152 960 253 1026 quam
291 940 421 1006 vendita
455 961 532 1005 cese.
569 939 668 1026 Apud
700 939 837 1004 Dionem
862 941 949 1005 enim
975 940 1014 1005 L.
1040 942 1082 1005 60
1109 962 1135 1006 c.
1161 941 1287 1028 4legi·

152 1088 248 1131 mus:
283 1106 323 1115 -
356 1067 530 1153 imperator
553 1064 711 1131 Olaudiue
737 1106 775 1115 -
802 1067 900 1130 etiam
925 1067 1058 1153 eosqui
1082 1068 1286 1132 immeritoa

153 1189 307 1276 Caligula
331 1194 362 1256 in
388 1193 527 1257 exilium
551 1198 642 1257 eraut
666 1192 767 1273 missi,
792 1213 866 1256 cum
891 1192 971 1256 alios
985 1198 1054 1256 tum
1067 1191 1285 1279 Agrippinam

152 1326 185 1384 et
210 1317 340 1382 Julium
366 1340 487 1383 sorores
511 1318 674 1383 revocavit
697 1317 803 1403 iisque
828 1318 912 1382 bona
936 1316 1085 1383 reddidit.

199 1444 343 1510 Videtur
376 1444 457 1508 mihi
488 1444 590 1529 igitur
621 1442 795 1509 Suetonius
822 1464 885 1507 uon
908 1442 1074 1529 scripsisse
1101 1445 1286 1525 „sororum”

154 1570 211 1634 sed
248 1571 456 1652 „sociorum”.
482 1569 597 1656 Neque
620 1569 765 1655 intelligo
789 1590 847 1633 cur
868 1567 1008 1633 Rothius
1032 1589 1102 1633 eam
1127 1570 1286 1656 conjectu·

155 1719 227 1761 ram
264 1698 305 1761 ab
340 1695 567 1783 Oudendorpio
601 1696 795 1783 propositam
819 1695 947 1760 silentio
971 1696 1182 1781 praeterierit.
1213 1696 1287 1761 Pal·

157 1824 297 1888 meriam
332 1844 401 1888 eam
431 1821 649 1887 Ruhnkeniue
680 1822 815 1887 vocavit.
841 1819 915 1885 Vox
942 1821 1112 1902 „libertos”
1134 1821 1286 1910 denique,

157 1970 243 2035 quae
273 1950 429 2035 sequitur,
453 1948 485 2012 in
514 1948 603 2012 nullo
625 1947 732 2013 codice
755 1947 924 2033 reperitur.
950 1946 1082 2011 Mamm.
1104 1947 1201 2013 habet
1228 1949 1285 2031 „li-

158 2076 299 2154 berios”,
331 2075 428 2140 ceteri
459 2095 569 2139 omnes
603 2073 771 2154 „liberos'’.
796 2072 951 2137 Admisso
973 2081 1081 2139 autem
1105 2076 1287 2161 conjectura
1372 2124 1377 2135 .

162 2201 364 2282 „sociorum”
391 2223 454 2266 vox
482 2199 639 2281 „liberos”
664 2200 761 2265 etiam
784 2199 992 2286 pracferenda
1012 2199 1140 2265 ridetur
1159 2202 1289 2267 lectioni

164 2328 352 2408 „libertos’'.

348 2600 381 2666 0.
418 2601 470 2664 41.
502 2600 667 2682 Ejusmodi
688 2599 887 2686 ucclipulilrus
908 2600 1036 2665 iudiciis
1058 2621 1156 2682 acque
1178 2624 1287 2684 propo·

386 2729 466 2811 sitia,
490 2747 561 2790 cum
578 2747 638 2811 per
661 2728 873 2808 ipaeruaticm
895 2729 1070 2807 scripturae
1090 2729 1190 2792 multo
1209 2751 1288 2794 coru-

384 2855 481 2917 missc
510 2855 629 2933 fierent,
653 2853 781 2918 tuadcm
813 2853 979 2937 floqilcatc
992 2854 1106 2938 populo
1128 2857 1290 2938 proposuit

384 2981 508 3065 quidam
532 2979 627 3063 lcpcm
646 2985 699 3042 ctc.

207 3214 293 3290 Quid
329 3213 392 3278 sibi
416 3213 516 3278 velint
539 3213 637 3278 verba
662 3213 718 3277 illa
741 3213 948 3316 perspicuum
973 3222 1030 3279 est.
1055 3213 1137 3296 Lex,
1161 3214 1200 3280 de
1223 3236 1287 3300 qua

163 3361 261 3427 supra
293 3345 342 3405 est
374 3345 492 3422 actum,
529 3360 592 3404 uon
628 3339 747 3403 tabulis
782 3337 890 3402 affixis
921 3339 1040 3426 populo
1063 3339 1198 3426 legenda
1220 3348 1288 3406 erat

163 3465 342 3552 proposita3
362 3465 464 3528 multa
486 3486 528 3529 ex
552 3485 589 3528 ao
612 3463 783 3528 commissa
806 3464 883 3550 quia
907 3471 1054 3528 accurata
1073 3464 1155 3550 legis
1173 3465 1288 3530 notitia

164 3591 289 3677 acquiri
311 3611 373 3656 non
399 3596 531 3677 poterat.

208 3716 328 3780 Vocem
357 3717 534 3802 scripturae
557 3715 721 3780 difficilem
746 3737 814 3780 esse
838 3716 1003 3800 explicatu
1027 3738 1136 3782 omnes
1159 3739 1288 3783 consen-

164 3842 259 3907 tiunt.
296 3842 390 3906 Nihil
412 3842 499 3907 cuim
523 3841 705 3927 significare
729 3847 833 3927 potest
856 3842 919 3905 nisi
943 3843 1020 3925 vim,
1044 3864 1173 3908 sensum
1196 3844 1288 3930 legis,

165 3970 217 4034 vel
241 3969 348 4052 verba,
372 3970 490 4055 quibus
514 3968 568 4033 lex
593 3968 758 4032 enuntiata
782 3974 859 4032 erat.
884 3967 1006 4032 Vereor
1029 3975 1066 4032 ut
1090 3969 1205 4034 Latine
1229 3971 1288 4054 vis,

166 4117 276 4160 sensus
300 4095 381 4181 legis
404 4093 464 4158 hoc
488 4092 587 4159 verbo
611 4093 788 4178 scripturae
813 4091 974 4157 reddatur.

211 4219 375 4307 Scriptura
389 4246 430 4276 z
447 4223 489 4282 1⁰.
511 4220 617 4305 ipsum
631 4217 770 4282 scribere
782 4218 835 4282 vel
846 4239 948 4303 genus
961 4218 1120 4283 scribendi
1133 4221 1178 4283 2⁰.
1192 4221 1288 4285 etiam

165 4349 292 4432 scripta.
317 4342 517 4430 Significatio
537 4364 612 4409 vcro
633 4363 716 4429 quae
740 4343 798 4407 hoc
819 4343 887 4408 loco
899 4342 1076 4428 requiritur
1086 4366 1149 4408 non
1163 4346 1290 4411 videtur

1172 4461 1188 4507 3
