3259 5275
682 579 759 644 Δ29

170 811 262 856 serae
282 790 482 874 dividuntur,
495 792 553 877 qui
566 792 712 879 capiendi
725 794 883 860 desiderio
895 795 964 859 loca
975 794 1121 881 equitum
1135 801 1299 881 occupant.

219 916 291 982 Non
326 924 434 982 autem
471 917 573 1000 video,
609 939 667 983 cur
697 920 796 1006 plebs,
831 925 998 1006 postquam
1023 920 1160 983 missilia
1183 920 1300 1005 rapuit„

170 1043 268 1106 etiam
294 1064 351 1129 par
374 1042 466 1107 ludos
489 1045 651 1129 equestria
674 1045 742 1109 loca
765 1044 978 1131 occupaverit.
1003 1042 1120 1129 Neque
1141 1065 1198 1130 per
1219 1045 1301 1109 solos

170 1175 335 1254 equestres
363 1168 482 1255 gradus
506 1176 642 1234 tesserae
666 1191 773 1234 rerum
798 1165 972 1234 missilium
994 1169 1237 1255 spargebantur.
1262 1169 1300 1234 Id

170 1294 292 1358 factum
327 1316 396 1360 esse
430 1295 541 1361 Domit
576 1318 603 1360 c.
639 1298 659 1358 4
695 1295 794 1361 semel
824 1296 971 1378 traditur,
996 1296 1051 1360 sed
1079 1296 1174 1380 „quia
1199 1297 1302 1381 major

169 1440 244 1507 pars
279 1421 364 1485 intra
399 1421 567 1508 popularia
601 1422 793 1488 deciderat.”
830 1422 925 1487 Nihil
960 1444 1035 1509 ergo
1066 1445 1106 1487 ox
1142 1422 1200 1487 hoc
1230 1422 1297 1487 loco

168 1547 266 1612 allato
289 1546 534 1615 demonstratur.
727 1532 729 1537 ¹

215 1671 346 1756 Quidni,
370 1674 398 1737 si
426 1695 491 1738 vox
518 1674 692 1756 „tesseras”
719 1675 752 1737 in
776 1682 905 1740 textum
929 1674 1110 1760 recipienda
1133 1676 1185 1756 sit,
1209 1675 1295 1761 lega-

167 1819 259 1861 mus:
302 1804 437 1863 tesseras
472 1800 631 1864 maturius
666 1800 771 1883 dabat„
808 1802 830 1867 i.
855 1822 883 1865 e.
918 1808 1052 1866 tesseras
1087 1801 1227 1865 locorum
1262 1801 1295 1863 in

167 1922 292 1987 theatro
316 1924 474 1988 maturius
499 1945 595 2011 quam
620 1932 688 1991 erat
710 1948 778 1990 mos
798 1926 918 1990 dabat?
938 1924 1116 1990 Tunioatus
1135 1926 1193 2011 qui
1214 1948 1292 1991 sem·

166 2070 226 2135 per
248 2048 357 2113 aderat
380 2051 536 2137 popellus,
561 2051 728 2117 deficiente
751 2053 893 2140 equestri
917 2051 1037 2135 ordine,
1059 2060 1192 2116 tesseras
1212 2050 1296 2115 XIV

165 2175 328 2260 graduum
360 2177 547 2263 accipiebat.
580 2177 716 2263 Equites
747 2199 820 2243 cum
845 2185 954 2265 postea
978 2180 1125 2244 venirent
1148 2179 1215 2242 loca
1238 2199 1296 2242 sua

165 2300 320 2367 videbant
338 2304 407 2388 jam
432 2310 593 2389 occupata.

211 2427 274 2493 Sed
298 2429 429 2495 fortasse
453 2431 585 2516 gravius
609 2430 687 2517 quid
711 2430 788 2494 latet
808 2438 840 2495 et
851 2431 1053 2496 sentiendum
1065 2439 1113 2495 est
1125 2451 1197 2495 cum
1212 2428 1291 2495 Bur-

160 2574 293 2638 mauno,
316 2556 374 2642 qui
398 2556 574 2642 elegantem
600 2576 691 2619 suam
715 2562 747 2621 et
769 2555 912 2621 doctrina
932 2555 1161 2621 redundantem
1183 2563 1289 2620 notam

159 2683 210 2746 sic
245 2683 420 2747 concludit:
456 2683 613 2748 fateamur
643 2684 749 2768 potius
779 2684 872 2748 nobis
903 2683 1044 2749 nondum
1076 2682 1115 2747 de
1139 2682 1289 2747 hocloco

157 2808 288 2895 aliquid
310 2810 389 2874 certi
411 2816 563 2874 constare.

343 3082 376 3150 C.
415 3084 458 3146 26
495 3083 606 3167 (infru)
727 3090 899 3164 remotoque
932 3083 1095 3147 ordinario
1128 3091 1289 3166 apparatu

386 3211 500 3273 tabidis
535 3211 615 3292 feris
644 3211 806 3274 oiliasimos
828 3212 973 3291 senioque
995 3210 1146 3292 confectos
1167 3210 1287 3290 plodia

385 3343 474 3420 lorea,
498 3358 616 3422 quoque
641 3338 827 3420 puepaiuris
847 3342 954 3418 potres
979 3336 1178 3418 familiarum
1201 3343 1288 3400 notos

382 3463 435 3526 sed
466 3464 602 3545 decipula
631 3462 787 3526 debilitare
817 3461 927 3546 aliqua
958 3463 1095 3544 eorporis
1117 3462 1286 3544 objiciebat.

201 3695 396 3782 Quicunque
418 3695 497 3761 haec
520 3695 605 3782 leget
628 3695 662 3759 in
686 3716 762 3760 voce
789 3694 1012 3781 „paegniaris”
1037 3693 1191 3758 haerebit.

200 3823 233 3886 A
258 3822 376 3887 Rothio
403 3823 460 3886 illa
484 3840 551 3887 vox
573 3829 621 3887 est
643 3821 863 3887 commendata
886 3843 943 3908 pro
969 3820 1172 3907 „pegmatis”
1197 3818 1282 3905 quod

153 3952 190 4014 in
222 3948 329 4014 codice
353 3948 549 4014 Memmiano
573 3949 742 4034 reperitur.
766 3947 805 4011 In
830 3948 904 4012 aliis
927 3947 1123 4012 editionibus
1146 3953 1178 4010 et
1201 3944 1281 4009 codi-

152 4077 247 4142 cibus
278 4078 377 4163 vulgc
407 4075 543 4140 habetur
578 4075 778 4160 „pegmaris”
803 4074 856 4138 vel
883 4043 1100 4161 „pegmares’'.
1126 4070 1191 4137 Pro
1218 4078 1283 4152 „ta-

152 4203 240 4268 bidis
275 4202 373 4267 feris”
408 4203 441 4265 in
474 4201 585 4265 multis
616 4201 708 4264 libris
739 4200 860 4286 legitur
887 4199 1035 4280 „tabidas
1058 4198 1173 4263 leras”.
1197 4198 1283 4273 Quid

152 4332 197 4396 sit
226 4330 429 4416 „pegniaris”
454 4328 505 4394 vel
528 4327 752 4414 „paegniaris”
773 4327 826 4392 vel
849 4325 1050 4412 „pegmatis”
1063 4325 1116 4389 vel
1131 4347 1283 4413 „pygma-
