3259 5275
710 572 751 633 55

158 780 381 866 phitheatrum
406 782 578 870 prodirent,
603 783 761 847 fortunam
787 787 820 845 et
841 782 1114 846 existimationem
1139 779 1284 866 perdide·

157 914 246 991 runt,
270 908 402 994 quidam
436 908 562 975 easdem
586 910 727 994 integras
750 915 928 974 servarunt.
954 907 1001 972 At
1023 906 1210 971 incredibile
1235 912 1284 970 est

27 1060 28 1069 ¹
156 1033 229 1099 hoo.
262 1034 343 1109 Quis
367 1036 453 1101 enim
478 1035 585 1101 eredat
608 1035 674 1102 fera
697 1035 948 1122 quadringentos
970 1040 1130 1099 senatores
1154 1038 1186 1097 et
1210 1054 1283 1097 sex-

155 1168 266 1226 centos
289 1162 416 1247 equites
438 1162 537 1226 simul
561 1161 688 1227 fortuma
711 1168 743 1226 et
762 1161 1002 1226 existimatione
1021 1182 1089 1225 esse
1108 1158 1283 1246 spoliatos?

155 1284 325 1350 Dimidios
348 1286 415 1352 fere
438 1294 567 1353 senatus
591 1308 655 1352 uuo
677 1288 744 1352 iotu
767 1282 937 1372 percussus
956 1286 1121 1371 jaouisset.

201 1410 383 1495 Praeterea,
415 1414 542 1477 etiamsi
573 1412 781 1478 oonoedamus
813 1412 895 1475 hano
917 1411 1018 1476 fuisse
1040 1415 1179 1476 mentem
1204 1408 1283 1475 Sue-

155 1538 238 1601 tonii
272 1542 402 1621 eeteros,
438 1540 549 1624 paneis
584 1539 649 1603 illis
683 1540 838 1625 exeeptis,
862 1538 1019 1622 dignitate
1042 1559 1111 1603 esse
1134 1537 1281 1602 deminu-

153 1671 214 1747 tos,
241 1704 282 1712 -
314 1685 398 1751 quae
421 1687 454 1730 re
478 1684 553 1731 vera
576 1665 643 1729 sola
667 1674 715 1729 est
737 1664 940 1750 significatio,
964 1684 1062 1750 quam
1087 1664 1194 1728 verbis
1217 1670 1281 1729 tra·

153 1786 233 1853 ditis
255 1790 431 1855 attribuere
454 1791 594 1855 lieet-
620 1790 678 1855 hoo
701 1790 813 1855 saltem
838 1789 934 1875 paulo
956 1788 1096 1854 luoidius
1119 1789 1282 1854 enuntiari

153 1915 329 2000 oportebat.
366 1914 411 1980 Ut
447 1918 543 1982 verba
575 1938 660 1981 nuno
695 1939 728 1982 se
764 1917 883 1981 habent
907 1916 1075 1983 manifesto
1097 1916 1221 2002 aliquid
1247 1917 1280 1980 in

152 2042 314 2105 anteriore
349 2048 454 2127 parte:
490 2041 643 2108 exhibuit
676 2049 784 2109 autem
820 2065 852 2109 u.
866 2064 894 2110 a.
929 2050 962 2109 et
995 2043 1160 2130 quosdam,
1196 2043 1279 2109 desi-

154 2167 294 2236 deretur.

199 2293 327 2369 Quibus
362 2295 401 2361 de
436 2298 540 2361 oausis
575 2297 656 2362 hano
689 2297 945 2363 emendationem
979 2320 1137 2385 propono:
1162 2318 1280 2383 eosque

152 2421 281 2485 fortuna
315 2431 412 2509 atque
448 2423 688 2489 existimatione
722 2424 855 2509 integra.
891 2423 1027 2511 Equites
1057 2433 1089 2489 et
1119 2429 1279 2488 senatores

148 2550 249 2634 jussit
283 2550 503 2637 gladiatoriam
536 2572 665 2637 operam
697 2557 867 2637 praestare,
891 2550 945 2615 sed
970 2557 1006 2615 ut
1027 2550 1149 2614 nullam
1174 2549 1279 2636 digni·

152 2682 251 2741 tatem
286 2677 479 2742 amitterent.
515 2676 644 2741 Etenim
680 2698 741 2741 non
778 2676 895 2741 lieebat
917 2677 958 2740 iis
983 2677 1016 2741 in
1042 2675 1279 2762 amphitheatro

151 2821 306 2888 pugnare,
331 2802 386 2867 sed
411 2801 498 2868 Nem
521 2802 554 2866 id
578 2803 725 2889 permisit
747 2804 836 2867 salva
859 2802 1024 2888 dignitate.

196 2927 269 3003 Qua
304 2928 525 2993 emendatione
559 2929 699 2993 admissa
728 2928 941 3015 judicandum
975 2929 1081 2994 adhue
1111 2938 1209 2996 restat
1239 2930 1278 2995 de

151 3062 259 3122 vetere
289 3057 470 3141 conjectura
503 3055 734 3142 „quadraginta
764 3063 795 3119 ot
827 3056 1017 3140 sexaginta”
1046 3077 1102 3142 pro
1126 3057 1277 3142 quadrin-

24 3189 25 3206 ¹
150 3182 256 3264 gentis
287 3190 320 3246 et
352 3182 522 3247 sexcentis.
547 3181 687 3267 Antiqui
710 3187 983 3263 oommentatores,
1008 3182 1068 3246 etsi
1093 3181 1199 3246 verbis
1227 3191 1279 3264 „et

24 3311 25 3314 ’
149 3307 303 3391 quosdam
328 3308 408 3373 ete.'’
434 3328 495 3371 non
518 3307 770 3389 offendebantur,
794 3313 900 3371 tamen
925 3308 1104 3373 numeralia
1123 3309 1276 3395 quadrin-

24 3473 25 3480 .
149 3440 261 3515 gentos
296 3442 328 3497 et
358 3442 525 3498 sexoentos
558 3434 710 3497 mutanda
734 3441 928 3498 censuerunt
951 3435 984 3497 in
1009 3434 1220 3521 quadraginta
1245 3443 1277 3502 et

24 3609 25 3620 .
148 3561 327 3645 sexaginta.
360 3559 432 3624 Non
464 3560 550 3625 enim
583 3561 759 3625 verisimile
783 3560 939 3646 putabant
962 3567 1008 3625 tot
1031 3562 1130 3625 simul
1153 3569 1276 3627 senato·

149 3704 199 3749 res
224 3694 255 3750 et
278 3686 402 3772 equites
427 3706 596 3771 pugnasse.
622 3685 695 3750 Mea
718 3686 848 3772 quidem
874 3687 1031 3752 sententia
1055 3687 1088 3750 in
1112 3708 1182 3751 eam
1203 3708 1275 3774 par·

148 3815 211 3872 tem
245 3811 337 3875 valde
367 3811 509 3893 inelinat‚
542 3812 727 3897 praesertim
761 3811 844 3896 quod
875 3810 1020 3875 eodioum
1051 3811 1084 3874 in
1112 3812 1275 3877 tradendis

148 3938 367 4002 numeralibus
403 3938 531 4001 infirma
565 3938 607 4001 sit
638 3938 819 4004 auotoritas.
845 3937 926 4002 Tota
948 3944 1023 4023 ergo
1047 3938 1205 4002 sententia
1229 3939 1275 4001 ita

148 4060 290 4147 legatur:
316 4064 468 4128 exhibuit
490 4070 598 4128 autem
622 4062 661 4126 ad
685 4062 805 4127 ferrum
831 4064 927 4128 etiam
952 4063 1163 4149 quadraginta
1182 4083 1273 4127 sena-

148 4193 230 4254 tores
265 4198 297 4255 et
330 4191 499 4276 sexaginta
533 4189 657 4276 equites
689 4210 807 4276 eosque
831 4188 958 4253 fortuna
981 4196 1013 4254 et
1035 4189 1274 4254 existimatione

149 4314 283 4403 integra.
