3259 5275
895 569 937 629 34

353 778 466 841 inesse.
502 776 573 841 Etsi
604 779 689 843 enim
722 777 859 843 conferri
882 784 985 865 potest
1008 777 1096 843 Suet.
1120 778 1159 843 de
1182 778 1327 842 Gramm.
1354 780 1391 841 2:
1419 775 1472 858 ,o
1596 797 1597 846 l

353 904 507 969 Octavius
539 904 717 991 Lampadio
745 904 864 969 Naevii
887 904 1047 970 Punicum
1070 906 1201 986 bellum,
1226 905 1311 992 quod
1337 928 1399 970 unc
1421 927 1472 969 vo-

352 1030 474 1094 lumine
506 1037 537 1094 et
567 1031 741 1095 continenti
769 1031 928 1116 scriptura
951 1033 1133 1118 expositum
1160 1032 1273 1096 divisit
1297 1033 1330 1094 in
1354 1037 1471 1117 septem

350 1154 480 1236 libros,’'
516 1156 573 1219 ubi
609 1178 673 1219 vox
704 1157 882 1242 scripturae
909 1157 1005 1220 etiam
1038 1178 1133 1221 sensu
1157 1165 1267 1222 textus
1292 1164 1471 1243 usurpatur,

349 1302 411 1345 non
447 1281 531 1345 idem
567 1282 613 1347 ibi
649 1282 733 1368 quod
769 1282 821 1346 hic
858 1283 1060 1369 intelligitur.
1093 1282 1145 1347 Ibi
1177 1285 1262 1348 enim
1288 1284 1472 1369 descriptis

349 1415 473 1472 tantum
509 1410 531 1472 i.
553 1430 580 1473 c.
612 1407 652 1473 de
676 1409 791 1473 litteris
816 1416 847 1472 et
871 1409 1003 1473 vocibus
1026 1409 1137 1473 ordine
1161 1408 1336 1494 dispositis,
1361 1408 1412 1471 hic
1434 1408 1471 1472 de

348 1536 417 1621 ipso
441 1535 525 1621 quod
548 1536 676 1621 scriptis
700 1536 888 1599 enuntiatur
911 1556 1015 1600 sermo
1038 1542 1095 1599 est.

392 1660 572 1734 Quominue
597 1667 703 1725 autem
729 1669 835 1725 nostro
856 1662 923 1725 loco
943 1682 1007 1725 vox
1027 1660 1204 1746 scripturae
1217 1662 1336 1725 intacta
1348 1667 1472 1725 maneat

345 1785 433 1850 alind
458 1786 537 1872 quid
561 1788 666 1873 majus
689 1787 785 1850 etiam
813 1786 925 1850 obstat.
950 1784 1055 1871 Leges
1079 1786 1176 1867 enim,
1197 1785 1375 1871 dequibus
1404 1786 1468 1871 agi-

345 1921 407 1998 tur,
432 1937 633 2002 nequaquam
658 1916 795 1999 scriptae
820 1920 929 1996 erant3
953 1934 1029 1999 ergo
1053 1913 1212 1998 scriptura
1224 1912 1395 1976 earundem
1409 1932 1467 1974 non

344 2048 467 2128 poterat
493 2041 645 2126 ignorari.

389 2167 500 2231 Restat
524 2166 625 2252 igitur
648 2171 684 2228 ut
707 2171 764 2227 aut
786 2185 859 2227 cum
885 2161 1071 2225 Burmanno
1091 2161 1237 2225 voculam
1259 2160 1341 2224 hanc
1361 2161 1465 2246 ejicia·

344 2317 425 2376 mue,
460 2303 516 2358 aut
550 2315 620 2358 eam
658 2314 699 2357 ex
731 2291 795 2355 alia
819 2312 888 2355 esse
911 2295 1093 2373 corruptam
1117 2295 1277 2374 putemus.
1304 2286 1465 2361 Quaenam

342 2421 441 2486 fuerit
465 2422 521 2485 illa
545 2420 645 2484 altera
670 2440 734 2483 vox
759 2418 845 2481 latet.

387 2546 544 2628 Profecto,
578 2547 607 2609 si
645 2544 862 2629 „scripturae”
899 2541 1057 2627 ejiciatur,
1082 2540 1165 2603 nihil
1188 2546 1236 2603 est
1259 2540 1292 2602 in
1312 2511 1467 2603 sententia

342 2672 426 2759 quod
460 2672 609 2754 offendat,
641 2693 699 2735 nec
730 2671 902 2755 quicquam
926 2667 1135 2732 desideratur.
1159 2667 1232 2730 Lex
1256 2674 1325 2731 erat
1347 2666 1466 2730 indicta

341 2806 476 2880 tantum,
513 2797 654 2862 nondum
689 2795 868 2881 proposita3
904 2814 1002 2879 quare
1038 2814 1095 2878 per
1125 2792 1339 2876 ignorantiam
1364 2790 1465 2855 multa

337 2925 510 2991 commissa
533 2923 662 2987 fiebant.
686 2921 826 2985 Videtur
848 2920 881 2983 id
905 2920 1034 2983 omnino
1058 2917 1205 2983 Suetonii
1224 2938 1311 2982 more
1332 2917 1463 2997 dictum,

340 3059 371 3116 et
394 3051 606 3137 quodcunque
629 3048 790 3112 addideris
814 3068 871 3131 pro
895 3047 965 3109 luce
988 3045 1135 3109 tenebras
1158 3043 1338 3109 induxeris.

384 3178 532 3242 Fortasse
563 3197 628 3240 vox
663 3173 880 3259 „scripturae”
911 3191 931 3234 a
961 3170 1144 3256 glossatore,
1176 3168 1307 3253 linguae
1330 3168 1465 3231 Latinae

338 3325 401 3368 non
436 3304 481 3366 ita
513 3300 625 3387 perito,
656 3301 690 3362 in
723 3298 868 3382 margine
891 3295 1051 3380 adscripta
1075 3300 1186 3380 postca
1209 3294 1243 3357 in
1267 3300 1394 3358 textum
1418 3300 1465 3357 est

340 3432 476 3512 recepta.

521 3752 554 3818 0.
589 3755 642 3816 41.
674 3755 731 3836 Ac,
761 3774 799 3815 oc
821 3753 904 3836 quod
926 3772 987 3815 noa
1010 3750 1233 3813 manubiorum
1254 3770 1354 3830 genus
1377 3771 1463 3828 cape·

448 3861 449 3864 ¹
560 3881 690 3958 γένειαν,
714 3879 855 3956 lupanar
874 3879 909 3939 iu
930 3877 1057 3939 Palatio
1067 3876 1235 3955 constituit,
1248 3875 1463 3957 distinctisque

559 4012 588 4068 et
610 4005 772 4066 instructis
789 4023 852 4085 pro
874 4003 930 4064 loci
953 4002 1106 4084 dignitate
1128 3999 1210 4060 cellis
1233 4006 1284 4060 etc.

380 4315 420 4378 In
455 4313 651 4400 praefatione
684 4308 798 4374 Rothii
832 4306 1019 4371 adnotatum
1054 4312 1117 4368 cst:
1153 4304 1377 4389 distinctisque
1411 4304 1461 4369 cd.
