3259 5275
879 574 922 634 46

384 782 641 865 „Quantumvis”
676 788 783 848 eutem
817 783 909 848 nullo
940 806 1016 848 vooe
1050 782 1182 848 reddero
1204 804 1373 869 possumus
1396 784 1470 848 nisi

341 910 462 991 „vuldo
488 931 582 996 quarn
610 910 784 976 maximo''.
809 910 876 991 Qui
899 930 1020 991 sensus,
1045 910 1106 974 etsi
1128 915 1161 974 et
1181 908 1471 995 aliislooisroqui-

335 1037 419 1099 ritur
444 1035 501 1103 ofr.
527 1034 594 1100 Oal.
620 1036 678 1099 53:
704 1036 912 1121 quantumvis
936 1034 1091 1099 fecundus
1114 1042 1147 1100 et
1166 1042 1342 1121 promptus,
1357 1043 1472 1100 tamen

337 1162 389 1227 hio
425 1163 532 1226 minus
568 1162 700 1227 idoneus
736 1162 873 1229 videtur.
906 1161 1015 1227 Verbo
1045 1163 1237 1249 explicando
1268 1163 1355 1227 onim
1379 1162 1473 1225 huno

335 1310 463 1352 sensum
499 1287 673 1353 haberent:
711 1288 797 1353 Illud
831 1290 902 1353 sine
934 1289 1032 1353 dubio
1063 1288 1156 1353 valde
1178 1289 1351 1354 salubriter
1374 1296 1407 1352 ot
1436 1290 1471 1352 in

339 1419 490 1499 ternpore.
528 1412 617 1477 Haeo
652 1414 765 1478 saltem
798 1422 845 1479 est
868 1416 934 1479 solo
956 1415 1159 1501 significatio,
1184 1435 1266 1500 quae
1291 1436 1333 1479 ex
1358 1415 1473 1480 verbis

339 1540 465 1604 traditis
489 1542 676 1626 extorqueri
701 1541 809 1626 possit.
1378 1518 1381 1522 ¹

385 1665 431 1728 At
454 1686 515 1730 non
540 1671 747 1751 exspectatur
769 1667 956 1753 exemplum
976 1669 1122 1752 jooorum
1147 1665 1344 1748 salubrium3
1358 1666 1473 1728 omnio

340 1791 426 1855 enim
451 1812 533 1877 quae
556 1790 748 1856 antecedunt
770 1798 802 1857 et
825 1799 1006 1879 sequuntur
1028 1793 1163 1857 tondunt
1182 1792 1472 1879 adfrigidosjooos

339 1916 526 1983 offerendos.
556 1916 667 2003 Ipsum
692 1924 800 1982 autem
824 1918 1012 2004 exemplum
1036 1918 1121 2004 quod
1145 1917 1279 1983 affertur
1302 1939 1364 1981 uon
1387 1917 1472 1982 odeo

340 2042 435 2107 laude
457 2043 540 2105 mihi
560 2042 677 2128 dignus
699 2042 836 2109 videtur.
849 2042 953 2108 Valde
973 2045 1075 2108 salsus
1087 2050 1320 2130 etaptusoerte
1330 2012 1395 2108 uon
1408 2051 1470 2109 est.

385 2168 462 2234 Ideo
486 2191 543 2255 pro
571 2170 704 2256 „plene”
729 2170 986 2234 commendatum
1010 2177 1058 2234 est
1080 2191 1099 2233 a
1119 2169 1304 2235 Burmanno
1324 2177 1356 2234 ot
1374 2170 1470 2234 aliis:

342 2294 508 2380 frigidum,
535 2297 585 2361 vol
608 2296 672 2359 alia
697 2319 759 2360 vox
785 2317 974 2383 synonyme.
994 2296 1067 2361 Non
1087 2298 1469 2382 tomensierootelogas3

344 2443 406 2485 vox
453 2420 609 2507 „frigida”
646 2424 731 2487 euim
767 2423 900 2488 vocibus
937 2423 1128 2504 „salubriter
1162 2431 1194 2489 et
1230 2426 1263 2488 in
1302 2426 1472 2511 tempore''

344 2549 473 2614 omnino
485 2550 626 2633 tollitur3
643 2571 705 2614 nou
718 2572 793 2636 ergo
805 2550 951 2615 ambedo
964 2550 1074 2616 eodem
1088 2573 1122 2616 re
1135 2552 1311 2639 praedicari
1324 2557 1470 2639 possunt.

390 2674 529 2762 Propius
552 2698 571 2740 a
596 2677 692 2741 verbo
719 2677 854 2763 „plane”
878 2678 998 2743 recedit
1020 2685 1052 2743 et
1070 2680 1179 2743 sensui
1199 2678 1471 2744 sooommodatius

344 2811 391 2866 est
429 2804 614 2888 „perleve'':
651 2802 737 2867 Illud
772 2804 911 2891 perleve,
943 2805 1152 2890 quantumvis
1183 2805 1355 2870 salubriter
1379 2812 1410 2869 et
1435 2807 1471 2869 in

213 3019 215 3023 Ι
344 2936 497 3015 temporo.
522 2929 765 2994 Adverteudum
786 2936 893 2995 muron
905 2937 953 2995 est
969 2931 1228 3017 „quantumvis’',
1241 2931 1270 2994 si
1281 2931 1328 2994 ita
1339 2931 1471 3016 legeris,

344 3054 565 3140 accipiendum
589 3076 657 3120 esse
682 3077 738 3141 pro
765 3055 965 3142 „quamvis’'.
987 3054 1053 3120 cfr.
1067 3057 1088 3122 i.
1102 3077 1130 3121 a.
1146 3055 1224 3121 Hor.
1238 3053 1298 3142 Ep.
1312 3056 1332 3118 2
1346 3076 1353 3120 ε
1368 3057 1409 3118 2:
1424 3056 1468 3116 39

349 3179 429 3261 „Ille
463 3188 561 3264 catus,
596 3153 804 3267 queutumvis
836 3182 975 3246 rustious
1005 3189 1064 3247 eto.
1088 3181 1207 3247 Velio
1232 3203 1309 3246 vooe
1334 3181 1471 3267 „plane”

346 3307 435 3372 aliud
470 3309 605 3373 verbum
639 3309 726 3391 latet,
758 3308 844 3395 quod
874 3308 969 3395 quale
992 3308 1034 3372 sit
1056 3329 1119 3372 nou
1143 3329 1200 3394 pro
1223 3314 1309 3372 oerto
1331 3313 1472 3371 statuere

347 3455 528 3520 possumus.

528 3704 561 3770 Ο.
596 3705 649 3770 22.
686 3712 868 3784 ...utque
896 3706 970 3769 dira
992 3728 1047 3770 ove
1069 3709 1105 3770 iu
1131 3706 1279 3786 Capitolio
1301 3709 1369 3771 visa
1391 3709 1472 3772 obse-

568 3831 665 3892 cratio
694 3830 859 3893 haberetur
888 3852 1013 3915 eamque
1036 3833 1101 3915 ipse
1116 3834 1197 3914 jure
1219 3835 1350 3895 maximi
1369 3835 1472 3912 positi-

568 3956 636 4034 fiois
674 3976 735 4038 pro
776 3957 901 4019 Rostris
938 3959 1055 4040 populo
1087 3959 1226 4041 praeiret
1259 3964 1472 4042 summotaque

570 4103 737 4162 operarum
760 4103 979 4168 servorumque
1002 4083 1105 4148 turbo.

275 4335 278 4339 ·
395 4317 435 4382 In
457 4318 516 4383 heo
539 4319 697 4383 sententia
715 4317 910 4404 ejiciendum
923 4340 1036 4384 oonseo
1051 4319 1154 4404 „qus”
1167 4325 1238 4405 post
1252 4318 1471 4403 „summots”;
