3259 5275
838 603 879 665 20

305 822 431 881 textum
467 837 501 879 se
536 837 605 880 esse
636 821 781 880 secutum
813 821 846 880 et
868 814 1051 880 historicam
1077 821 1200 901 partem
1224 816 1431 903 potissimum

304 948 464 1024 tractasse,
488 941 548 1006 hoe
570 950 678 1006 tamen
703 943 770 1007 loco
793 943 992 1028 argumentis
1013 943 1118 1006 victus
1130 942 1247 1007 edidit:
1265 940 1430 1024 „Gnaeum

304 1066 517 1132 Domitium''.
554 1067 646 1142 Quod
682 1089 739 1154 pro
774 1089 849 1132 vero
883 1066 994 1131 habeo.
1020 1066 1125 1133 Nemo
1148 1069 1235 1133 enim
1259 1068 1432 1134 crediderit

305 1191 494 1257 Suetonium
529 1194 694 1279 scripsisse
730 1192 896 1274 „Titum”
919 1191 1119 1259 Praenomen
1142 1201 1249 1269 autem
1274 1196 1429 1259 omissum

303 1342 372 1385 esse
396 1341 458 1383 non
482 1326 530 1383 est
554 1320 729 1385 verisimile
753 1342 827 1384 cum
851 1320 983 1383 alterius
1008 1320 1146 1384 consulis
1167 1317 1203 1383 O.
1218 1318 1302 1384 Sosii
1314 1342 1430 1386 nomen

304 1453 335 1512 et
358 1466 550 1532 praenomen
575 1446 750 1510 tradantur.

485 1720 518 1785 Ο.
557 1721 608 1785 27.
645 1721 796 1801 Quintum
823 1720 971 1785 Gallum.
987 1770 992 1779 .
1009 1767 1040 1783 ..
1062 1721 1212 1803 fatentem
1234 1719 1316 1783 citit
1332 1721 1431 1801 jussit

526 1847 623 1911 occidi
641 1849 735 1926 prius
756 1848 854 1911 ocutis
876 1848 942 1928 ejus
964 1868 1022 1910 suc
1044 1867 1142 1911 mccc
1164 1847 1295 1929 effossis,

345 2080 418 2145 Non
454 2081 606 2145 credibile
642 2088 690 2147 est
723 2081 911 2167 Augustum
934 2087 1022 2145 tanta
1046 2081 1246 2144 immanitate
1270 2080 1369 2144 fuisse
1393 2087 1430 2143 ut

301 2208 433 2272 inimico
468 2210 596 2273 oculum
632 2206 786 2273 effoderit.
822 2206 971 2272 Effudere
1005 2207 1133 2271 oculum
1167 2213 1215 2270 est
1233 2207 1297 2271 telo
1320 2206 1430 2292 aliquo

300 2341 392 2399 acuto
427 2334 554 2397 oculum
591 2355 712 2399 eruere.
750 2332 867 2398 Nonne
901 2332 1064 2397 crudelius
1097 2331 1157 2396 hoc
1188 2352 1284 2417 quam
1317 2339 1353 2395 ut
1386 2332 1428 2396 ab

301 2460 452 2546 Augusto
471 2461 675 2525 commissum
697 2459 869 2526 credatur?
893 2457 1004 2524 Codex
1024 2458 1242 2524 Memmianus
1263 2458 1360 2522 etiam
1373 2456 1426 2520 hi'c

301 2587 447 2653 tenebras
472 2587 563 2675 pellit
587 2587 784 2674 praebendo:

349 2711 506 2795 „effusos”
540 2735 582 2778 ex
614 2734 677 2799 quo
708 2712 866 2778 Heinsius
888 2712 1024 2798 conjecit
1052 2709 1204 2791 „effuso”
1230 2709 1321 2783 Quae
1344 2709 1427 2772 mihi

301 2861 376 2905 vera
407 2839 535 2904 videtur
565 2861 634 2904 esse
665 2839 769 2903 lectio.
802 2837 976 2903 Effundere
998 2837 1105 2902 oculos
1128 2845 1213 2901 certe
1236 2841 1285 2901 est
1308 2836 1426 2901 locutio

300 2967 463 3031 sollemnis
486 2987 543 3052 pro
570 2965 777 3065 „verberibus
800 2965 973 3030 excutere'’
997 2961 1062 3027 cfr.
1087 2962 1229 3027 Pandect
1251 2963 1290 3024 19
1305 2984 1313 3025 z
1327 2963 1369 3025 2:
1386 2962 1425 3024 13

301 3093 356 3156 ubi
382 3093 528 3179 legitur:
554 3093 653 3156 alicui
676 3092 804 3157 oculum
829 3090 1003 3157 effundere.

486 3365 520 3430 0.
544 3366 586 3428 28
602 3413 609 3429 .
623 3415 631 3428 .
647 3413 678 3428 ..
702 3368 802 3429 toedio
825 3366 998 3429 diuturnae
1020 3364 1219 3444 suetudinis,
1241 3384 1309 3426 cum
1331 3365 1425 3426 etiam

521 3492 758 3576 mcqistrutibus
780 3513 818 3554 cc
837 3496 950 3555 senatu
962 3494 1085 3553 domum
1097 3489 1205 3552 accitis
1216 3490 1423 3552 rationarium

521 3618 646 3697 imperii
670 3617 856 3680 tradidit...
872 3663 879 3678 .

343 3852 406 3916 Dio
438 3850 568 3916 Cassius
590 3851 631 3915 L.
658 3853 697 3914 53
723 3849 759 3915 Ο.
786 3852 828 3913 30
853 3849 986 3914 eandem
1011 3872 1078 3915 rem
1102 3850 1154 3914 his
1177 3849 1284 3914 verbis
1307 3849 1422 3915 tradit:

298 3979 474 4060 ἠρρώστησεν
504 3971 596 4063 αὖθις,
625 3975 699 4040 ὥστε
723 3977 874 4053 μηδεμίαν
898 3977 1011 4041 ἕλπίδοο
1034 3976 1176 4056 σωτηρίοις
1200 3983 1295 4055 σχεῖν·
1320 3975 1422 4040 πάντα

297 4113 368 4185 γοῦν
398 4113 434 4178 ὡς
458 4111 510 4169 καὶ
535 4106 717 4177 retromissa
741 4103 855 4189 διέθετο,
880 4103 931 4167 cci
956 4103 1012 4175 τοὶς
1036 4128 1069 4166 πε
1091 4103 1193 4183 ἀρχὰς
1220 4102 1285 4172 τούς
1308 4127 1341 4165 πε
1365 4099 1419 4165 dt-

296 4249 363 4302 λουο
395 4231 461 4302 τοὺς
493 4231 620 4310 πρώτους
652 4230 704 4294 cci
733 4235 788 4293 τῶν
813 4229 1052 4314 deuteromium}
1076 4232 1132 4291 πῶν
1156 4227 1265 4291 ἱππέων
1289 4228 1421 4307 οὶθροίοοιο

296 4357 434 4438 δοοέδοχον
466 4356 521 4435 μὲν
553 4356 653 4421 οὐδὲοοο
675 4354 830 4430 ἀπέδειξε.
846 4406 852 4419 .
868 4405 896 4419 ..
923 4359 963 4436 τῷ
987 4357 1042 4433 μὲν
1068 4353 1173 4418 Πίσωνι
1195 4352 1252 4424 τοὶς
1275 4378 1309 4417 πε
1334 4351 1419 4417 tard-
