3259 5275
731 588 772 651 15

186 797 327 883 „puero”
365 796 438 884 quis
473 794 652 881 dijudicet?
685 795 748 861 Pro
776 798 893 877 „vero”
917 799 1066 864 meliores
1089 818 1164 863 sane
1187 797 1311 864 eodiees

183 929 340 1009 pugnant.
376 922 422 986 At
456 922 633 987 verisimile
667 930 716 987 est
750 920 919 989 Gaesarem
951 925 1020 1011 jam
1056 930 1130 988 ante
1155 930 1315 1010 pernetam

183 1049 360 1135 pueritiam
396 1046 553 1134 quaedam
588 1046 707 1113 ebartis
740 1048 918 1131 mandasse,
952 1050 1037 1114 inter
1059 1050 1178 1114 amieos
1200 1050 1318 1136 legisse

184 1180 218 1237 et
241 1194 298 1259 pre
317 1173 461 1259 juvenili
484 1172 596 1239 ardore
619 1172 767 1238 edidisse.

231 1298 346 1386 Itaque
379 1300 418 1365 de
452 1300 511 1364 hoo
544 1300 611 1366 loeo
641 1299 891 1387 disputationem
917 1323 979 1367 non
1006 1302 1228 1385 instituissem,
1252 1303 1314 1366 nisi

185 1425 273 1511 apud
300 1433 471 1491 nostratem
495 1426 655 1513 quendam
681 1466 722 1475 -
749 1426 969 1510 Modderman,
993 1428 1143 1492 lectiones
1169 1425 1316 1492 Suetoni-

186 1572 267 1616 anae
301 1574 332 1639 p.
373 1554 416 1616 45
442 1554 603 1617 —aliam
630 1553 724 1639 longe
748 1552 938 1617 dissimilem
964 1553 1132 1617 lectionem
1156 1574 1316 1618 eommen-

186 1677 295 1741 datam
329 1677 481 1743 vidissem
510 1685 606 1765 atque
639 1679 672 1742 in
708 1677 842 1742 eandem
879 1678 945 1743 lere
978 1679 1193 1765 eonJeotnram
1217 1679 1314 1742 etiam

186 1801 491 1869 Reiffemeheidium
515 1802 676 1868 ineidisse.
696 1802 735 1867 In
750 1802 857 1868 verbis
873 1803 1041 1884 ,feruntur
1053 1811 1085 1868 et
1096 1825 1115 1866 a
1128 1825 1227 1890 puero
1240 1853 1247 1867 .
1262 1853 1269 1868 .
1285 1854 1292 1867 .
1307 1853 1315 1868 .

187 1928 344 2014 quaedam
379 1930 518 2015 seripta'’
553 1929 800 2014 ambiguitatem
836 1930 940 1993 inesse
963 1950 983 1991 a
1007 1926 1154 1994 Suetonii
1177 1928 1315 1995 diutione

188 2055 327 2119 alienam
370 2054 577 2120 Modderman
613 2056 761 2141 opinatus
797 2062 863 2138 est,
899 2055 1089 2141 ambiguum
1126 2056 1213 2119 enim
1248 2078 1317 2121 esse

188 2187 299 2247 utrum
332 2179 493 2244 ablativus
531 2200 569 2260 ,a
604 2180 724 2266 puer0'’
760 2181 918 2266 pertineat
951 2179 991 2243 ad
1030 2181 1188 2265 „scripta”
1212 2201 1253 2243 an
1276 2181 1315 2244 ad

192 2304 391 2387 ,feruntur,'’
427 2305 479 2369 vel
502 2306 615 2369 saltem
639 2304 814 2370 desiderari
838 2324 952 2368 nomen
977 2306 1048 2388 ejus
1072 2324 1091 2367 a
1114 2326 1177 2390 quo
1205 2304 1317 2401 dieun-

188 2436 244 2493 tur
277 2430 433 2515 quaedam
468 2451 488 2494 a
522 2428 658 2494 ansare
692 2450 761 2494 esse
795 2428 924 2514 seripta.
962 2427 1014 2492 Ex
1039 2428 1171 2493 vocibus
1198 2437 1249 2509 ,et
1271 2430 1318 2493 ait

189 2553 285 2620 vere'’
328 2554 410 2618 illud
451 2575 566 2620 nemen
609 2555 777 2619 restituere
812 2566 942 2618 eonatus
977 2553 1183 2619 Modderman
1220 2555 1316 2640 legit:

197 2678 364 2758 ,feruntur
407 2686 439 2744 et
481 2702 500 2744 a
535 2679 563 2754 Q
607 2679 777 2746 Tuberone
819 2681 859 2744 ab
893 2680 1133 2746 adulescentulo
1164 2682 1319 2767 quaedam

192 2805 343 2892 seripta.”

240 2931 292 2997 Ne
325 2931 429 2996 dieam
459 2931 580 3016 legenti
614 2930 696 2995 mihi
730 2932 970 3018 repetitionem:
1005 2953 1025 2994 a
1038 2980 1045 2995 .
1060 2980 1068 2995 .
1083 2980 1113 2995 ..
1148 2933 1200 3013 ab,
1224 2933 1316 2999 valde

171 3075 173 3078 ·
188 3058 421 3125 incommodam
448 3059 550 3122 visam
575 3079 653 3140 esse,
674 3058 871 3142 ambiguitas
883 3078 902 3120 a
914 3057 1049 3122 lectione
1062 3057 1174 3121 Rothii
1188 3058 1316 3124 videtur

178 3163 320 3249 ⁴omnino
340 3184 459 3249 abesse.
488 3182 691 3264 „Feruntur”
714 3184 799 3247 euim
825 3184 1124 3269 saepegeneratim
1136 3184 1266 3269 ponitur
1279 3193 1315 3249 ut

189 3313 295 3377 aotive
333 3310 473 3392 ,dieunt
508 3311 615 3374 ferunt
649 3309 737 3391 ete’';
775 3308 964 3389 „feruntur”
1001 3335 1041 3365 :
1077 3316 1244 3393 vagantur,
1281 3311 1314 3372 in

189 3437 340 3502 manibus
362 3443 446 3500 sunt.

236 3562 521 3629 Reifferscheidius
562 3563 658 3626 etiam
701 3582 816 3626 nomen
852 3560 982 3645 aliquod
1017 3560 1116 3624 latere
1151 3561 1316 3647 suspicans

190 3689 342 3775 oonjeeit:
384 3687 551 3768 ,feruntur
585 3694 621 3751 ut
655 3687 701 3750 ait
736 3685 866 3750 Tubero
901 3691 933 3748 et
966 3684 1006 3749 ab
1043 3684 1314 3751 adnleseentu10.”

191 3815 283 3889 Quae
325 3799 432 3878 leetie¹
461 3812 536 3875 lieet
577 3810 660 3873 mihi
694 3810 797 3894 magis
833 3830 928 3894 quam
965 3810 1021 3873 illa
1055 3808 1316 3874 Moddermannii

191 3941 352 4028 probetur,
377 3937 523 4003 neutrius
547 3942 652 4001 tamen
676 3955 805 3999 eausam
829 3942 878 3998 sat
901 3933 1046 3999 idoneam
1074 3936 1176 4003 video.
1191 3937 1316 4003 Textus

191 4067 279 4131 enim
312 4086 331 4129 a
365 4063 486 4129 Rothio
521 4070 677 4148 receptus,
711 4082 785 4125 eum
817 4068 929 4146 aptum
953 4082 1083 4125 sensnm
1108 4062 1262 4148 praebeat
1285 4071 1317 4127 et

191 4192 290 4256 simul
324 4212 420 4277 quarn
452 4189 600 4275 proxime
631 4187 769 4251 amssis
792 4185 928 4268 recedat,
952 4187 1039 4251 omni
1065 4208 1108 4250 ex
1132 4193 1221 4272 parte
1244 4210 1317 4252 eon·

188 4320 333 4404 jeeturae
356 4317 506 4402 quamvis
531 4314 715 4399 ingeniosae
738 4320 786 4377 est
809 4311 1026 4398 praeferenda.
