3259 5275
866 539 909 601 32

502 802 535 867 0.
562 805 614 866 39.
639 803 681 865 Iri
706 801 813 867 Gellio
839 824 968 887 quoque,
988 824 1057 866 οννν
1069 804 1454 867 damnatarumsororum

543 936 727 992 ornnnwnte
757 934 786 992 et
815 930 1032 1012 supeltectilem
1065 937 1094 993 et
1116 952 1219 993 seruos
1242 937 1335 1014 etque
1357 932 1454 993 etiam

543 1056 665 1119 libertos
689 1058 850 1119 immensis
871 1059 982 1139 pretiis
1004 1058 1213 1121 vendidisset.
1230 1106 1258 1121 ..

363 1266 417 1330 Ad
454 1273 537 1330 reete
571 1265 820 1351 intelligendum
858 1266 944 1331 hune
980 1267 1085 1331 looum
1123 1288 1250 1332 neeesse
1285 1273 1332 1331 est
1366 1287 1452 1353 quae

320 1394 468 1480 proxime
502 1400 682 1480 sequuntur
715 1393 932 1479 subjungere:
969 1395 1124 1459 invitatus
1159 1395 1257 1477 luero,
1290 1394 1452 1481 quidquid

319 1519 525 1583 instrumenti
551 1520 667 1583 veteris
678 1518 779 1583 'aulae
791 1526 860 1583 erat
873 1520 913 1584 ab
926 1520 1006 1585 urbe
1019 1521 1148 1607 repetiit
1160 1527 1231 1602 ete,
1244 1518 1359 1585 deinde
1370 1519 1450 1584 Dio-

320 1645 370 1709 nis
395 1643 499 1709 Cassii
522 1644 561 1710 L.
587 1647 627 1709 59
653 1643 689 1709 O.
713 1646 752 1708 21
780 1646 934 1711 conferre.
956 1646 1020 1711 Dio
1041 1646 1098 1729 ibi,
1118 1652 1286 1733 postquam
1307 1646 1452 1710 narravit

320 1768 501 1857 Caligulam
539 1774 573 1834 in
608 1770 748 1835 Galliam
786 1771 963 1857 profestum
987 1794 1066 1854 esse,
1091 1780 1127 1835 ut
1150 1793 1168 1837 e
1192 1771 1316 1836 divitiis
1340 1770 1450 1836 Gallo-

320 1920 392 1963 rum
424 1905 456 1963 et
485 1897 705 1984 Hispanorum
738 1918 805 1962 rem
836 1896 964 1981 faeeret,
987 1898 1034 1962 sie
1057 1898 1179 1984 pergit:
1205 1902 1288 1961 τοῦτο
1313 1897 1450 1976 μὲνγὰρ

319 2023 386 2095 τούς
418 2048 451 2088 τε
483 2022 609 2103 ἔχοντας
641 2022 690 2086 ἐπὶ
724 2023 806 2103 noire
839 2024 985 2102 προφάσει
1009 2024 1111 2097 ἐσύλα,
1135 2028 1218 2088 τοῦτο
1242 2022 1273 2087 δὲ
1297 2023 1348 2088 καὶ
1373 2024 1450 2102 δῶρα

321 2148 348 2215 οἳ
379 2175 412 2213 τε
443 2151 554 2214 laidem
585 2149 637 2213 καὶ
669 2146 700 2213 αἳ
730 2148 828 2221 πόλεις
860 2150 976 2213 ἑκοῦσαν
1007 2151 1088 2224 δῆθεν
1112 2149 1237 2227 μεγαλα
1262 2150 1342 2228 αὐτῷ
1367 2144 1448 2227 ἦγον.

319 2274 427 2347 ἄλλους
459 2279 495 2347 ὡς
527 2274 771 2352 ἐπιβουλεύοντας
801 2276 825 2339 οἱ
847 2275 989 2354 ἐφόνευεν.
1016 2276 1065 2340 καὶ
1088 2270 1121 2348 ἦν
1145 2276 1281 2352 δημόσιον
1305 2275 1450 2352 ἔγκλημα

319 2402 395 2466 ποῖοί
417 2412 502 2479 σφισι
525 2403 558 2466 τὸ
582 2410 726 2468 πλουτεῖν.
751 2401 802 2466 καὶ
828 2404 924 2465 αὐτῶν
948 2402 989 2466 τοὶ
1012 2405 1158 2479 κτήματα
1178 2402 1266 2473 αὐτὸς
1278 2400 1448 2482 πιπράσκων

318 2530 417 2607 πολλῷ
449 2529 500 2593 καὶ
531 2531 562 2593 ἐκ
586 2529 688 2593 τούτου
713 2532 904 2609 ἠργυρολόγει.
932 2531 1041 2603 πάντες
1065 2531 1122 2611 γὰρ
1145 2528 1347 2610 ἠναγκάζοντο
1370 2554 1446 2593 νεαν-

317 2655 397 2726 τοίας
421 2680 453 2719 τε
477 2655 528 2719 καὶ
552 2657 627 2720 πολύ
652 2682 689 2734 γε
712 2657 780 2737 ὑπὲρ
803 2659 856 2730 τὴν
881 2655 969 2732 οὶξίαν
993 2660 1130 2730 ὠνεῖσθαι,
1154 2659 1189 2722 δι’
1214 2655 1235 2722 ἃ
1258 2655 1367 2737 εἴρηκα.
1392 2657 1444 2722 Ae

318 2782 427 2846 statim
461 2781 567 2847 addit:
599 2783 657 2860 αφ’
693 2778 776 2862 οὗπερ
812 2782 863 2846 καὶ
899 2785 940 2848 τοὶ
971 2791 1024 2856 τῆς
1054 2784 1220 2864 μοναρχίας
1244 2787 1383 2861 κειμήλια
1407 2783 1449 2846 τοὶ

318 2907 468 2972 κάλλιστα
502 2907 555 2972 καὶ
585 2910 756 2984 τιμιώτατα
780 2909 1060 2989 μεταπεμψάμενος
1084 2908 1259 2990 ἀπεκήρυξε,
1283 2911 1336 2983 τὴν
1360 2907 1448 2984 δόξαν

317 3037 373 3096 τῶν
397 3037 468 3096 ποτε
491 3043 685 3112 χρησαμένων
710 3036 810 3108 αὐτοῖς
835 3041 1003 3113 evanescis
1028 3038 1129 3117 σφίσιν
1154 3052 1220 3100 κτλ.

363 3157 449 3238 Quia
485 3159 585 3244 igitur
615 3160 697 3224 bona
728 3163 886 3226 sociorum
920 3163 1087 3228 immensis
1112 3165 1225 3250 pretiis
1249 3163 1446 3246 vendiderat,

318 3285 415 3358 etiam
451 3293 635 3351 ornamenta
670 3288 869 3373 principatus
900 3289 1004 3354 Roma
1028 3292 1164 3376 repetita
1187 3293 1258 3356 veel
1283 3292 1447 3377 praeconis

318 3411 464 3496 subjecit.
501 3409 623 3477 Oollato
646 3413 731 3499 quod
757 3435 855 3501 supra
879 3414 1052 3480 Suetonius
1076 3415 1209 3480 tradidit
1230 3437 1374 3481 sororum
1399 3417 1447 3480 ibi
1530 3488 1534 3493 ,

319 3538 438 3602 mentio
461 3538 543 3602 saeta
565 3539 674 3604 statim
698 3539 841 3606 offendit.

363 3661 542 3746 Praeterea,
577 3686 635 3728 eur
677 3672 864 3731 ornamenta
898 3673 931 3731 et
964 3668 1197 3754 supellectilem
1233 3689 1375 3732 sororum
1411 3669 1445 3732 in

318 3785 458 3851 Galliam
495 3789 688 3855 abduceret?
724 3792 808 3868 Quia
834 3792 964 3883 scilieet
995 3814 1033 3858 ea
1063 3793 1185 3859 Romae
1216 3794 1354 3859 vendere
1382 3815 1446 3859 non

319 3915 447 4000 potuit?

363 4039 508 4106 Videtur.
535 4042 632 4106 etiarn
656 4043 761 4108 auctio
785 4042 864 4108 haee
886 4043 970 4108 faeta
993 4045 1103 4129 fuisse,
1127 4051 1300 4132 antequam
1324 4067 1446 4110 sorores

319 4167 545 4233 aondemnatae
575 4175 659 4232 sunt.
696 4168 759 4234 Dio
790 4177 875 4234 certo
906 4176 1014 4256 postea
1046 4169 1082 4234 O.
1108 4172 1150 4234 22
1170 4179 1304 4236 mortem
1328 4170 1445 4257 Lepidi

320 4300 353 4358 et
376 4294 529 4358 exsilium
554 4269 698 4360 sororum
721 4295 828 4362 tradit.
