3259 5275
890 589 931 649 44

345 796 626 882 „impetentibus’'.
652 794 738 870 Quid
762 796 873 859 enim?
894 795 1036 859 llrantne
1056 796 1180 860 inimici
1193 817 1256 860 non
1270 797 1315 859 ita
1327 798 1471 882 potentia

341 922 513 987 florentes?
546 921 599 985 An
631 922 682 985 sui
707 922 770 1008 ipsi
795 927 939 1008 potentes
962 942 1025 987 nen
1050 922 1162 985 erant?
1186 920 1344 985 Neutrum
1368 923 1472 1007 signi-

340 1051 521 1115 ficationem
534 1050 567 1113 in
582 1049 668 1115 hune
680 1050 786 1114 losum
798 1048 957 1136 quadrare
970 1049 1193 1135 unusquisque
1206 1047 1299 1113 eredo
1310 1049 1471 1115 concedet.
1510 1057 1519 1077 ⁸

386 1174 470 1240 (lum
494 1182 600 1240 autem
626 1175 767 1242 Vindob.
793 1175 927 1261 primus,
949 1174 1007 1260 qui
1028 1175 1125 1239 etiam
1146 1174 1294 1260 pluribus
1306 1174 1379 1240 aliis
1392 1176 1472 1240 loeis

341 1302 520 1387 genuinum
548 1308 676 1366 textum
701 1301 851 1382 servavit,
878 1301 1028 1386 praebeat
1054 1300 1335 1386 „impetentibus”,
1360 1302 1472 1365 nullus

341 1426 453 1491 dubito
478 1426 558 1491 hane
583 1426 750 1492 lectionem
775 1427 927 1512 recipere.
951 1424 1113 1511 Impetere
1138 1426 1224 1491 enim
1245 1433 1294 1491 est
1313 1428 1472 1493 incessere

341 1553 373 1615 in
406 1552 558 1639 aliquem,
583 1551 715 1637 aggredi
739 1552 892 1637 aliquem,
917 1559 948 1616 et
971 1551 1056 1637 apud
1082 1558 1189 1637 poetas
1214 1552 1312 1639 hujus
1335 1553 1469 1618 aetatis:

341 1677 460 1744 Silium
495 1677 658 1760 Italicum,
690 1676 858 1742 Lucanum
890 1683 923 1742 et
953 1675 1093 1742 Statium
1117 1698 1179 1743 nen
1204 1698 1275 1743 raro
1299 1679 1469 1765 reperitur.

384 1803 457 1878 Qua
480 1825 556 1869 voee
580 1802 613 1866 in
638 1808 764 1867 textum
791 1794 918 1888 recepta
941 1801 1095 1888 quislibet
1106 1804 1297 1868 sententiam
1311 1810 1469 1870 mutatam

341 1930 449 1993 statim
472 1928 632 2013 intelliget
655 1933 687 1993 et
710 1927 756 1990 nil
781 1947 907 1991 morans
931 1928 1171 2014 praetermittet.

519 2200 551 2266 0.
580 2202 630 2268 18.
655 2199 809 2265 Detentus
831 2202 990 2282 quondam
1013 2201 1111 2265 mestre
1135 2201 1205 2286 foro
1227 2223 1249 2265 n
1271 2200 1366 2265 turba
1385 2202 1469 2266 nihil

562 2348 627 2392 non
650 2329 840 2410 excapitavit.
940 2372 943 2378 -

385 2561 517 2627 (lodices
548 2524 694 2651 plerique
727 2562 772 2627 ita
796 2562 911 2627 ultima
935 2563 1033 2627 verba
1056 2562 1273 2628 tradiderunt:
1297 2562 1380 2628 nihil
1404 2585 1467 2628 nen

340 2711 382 2753 ex
415 2711 451 2754 ee
482 2689 645 2774 cogitavit,
677 2687 815 2753 Vindob.
850 2689 992 2775 primus:
1018 2688 1100 2752 nihil
1124 2710 1185 2753 nen
1210 2712 1252 2754 ex
1277 2711 1314 2753 eo
1336 2689 1467 2774 excogi-

340 2784 430 2880 tavit.
466 2815 517 2880 Ex
552 2815 671 2901 quibus
707 2834 804 2877 unam
841 2814 892 2878 vel
927 2815 1060 2879 alteram
1083 2814 1251 2879 leetionem
1277 2814 1466 2881 servandam

340 2948 426 3029 puto.
459 2942 592 3006 Nullam
624 2941 711 3006 enim
744 2941 838 3006 video
870 2942 1035 3023 rationem,
1059 2962 1118 3006 eur
1143 2963 1204 3023 „ex
1229 2942 1286 3006 ee'’
1311 2942 1465 3008 deleatur.

519 3215 552 3281 Ο.
588 3216 640 3278 20.
679 3215 830 3296 Quemvis
859 3215 1014 3279 continuis
1037 3217 1140 3279 XXX
1160 3216 1318 3280 hominnm
1340 3219 1466 3282 mitibus

560 3343 626 3405 sine
650 3342 878 3406 intermissione
896 3342 1106 3421 operantibus.

383 3577 559 3643 Abundare
589 3599 696 3642 veeem
730 3576 930 3657 „eontinnis”
953 3583 986 3640 et
1008 3575 1169 3642 offendere
1187 3578 1256 3664 jam
1281 3578 1377 3642 multi
1401 3578 1465 3641 viri

335 3704 420 3768 desti
450 3704 669 3769 observarunt.
702 3702 950 3789 Oudendorpius
974 3703 1045 3768 ideo
1068 3705 1233 3790 proposuit
1260 3705 1462 3787 „eontinu0’',

336 3851 432 3916 quam
466 3852 573 3895 vocem
597 3831 642 3894 ita
666 3829 732 3894 fere
756 3829 915 3914 explieat:
940 3851 1067 3915 semper
1090 3830 1223 3915 triginta
1246 3830 1337 3893 milia
1361 3829 1463 3894 hemi·

336 3978 413 4018 num
446 3955 555 4038 fuisse,
588 3975 752 4040 nunquam
782 3955 958 4040 pauciores,
990 3977 1108 4041 eosque
1131 3955 1200 4019 siue
1226 3956 1464 4021 intermissione

333 4089 477 4168 operatos
501 4104 578 4148 esse.
605 4081 643 4144 In
668 4102 732 4168 qua
753 4081 890 4146 lectione
904 4103 1013 4146 vocem
1030 4081 1219 4162 „continue”
1233 4103 1335 4168 aeque
1350 4104 1464 4168 super-

336 4229 469 4273 vacuam
503 4230 571 4273 esse
607 4207 709 4274 eredo.
743 4207 778 4271 si
809 4208 896 4273 enim
929 4208 1062 4293 triginta
1085 4208 1177 4271 milia
1202 4208 1368 4272 hominum
1393 4209 1462 4274 sine

335 4335 570 4400 intermissione
611 4335 837 4400 laboraverunt
876 4335 1099 4420 unusquisqne
1141 4334 1301 4419 intelliget
1336 4356 1463 4420 semper
