3259 5275
879 568 920 629 54

327 777 480 842 salutarit
514 776 611 863 idque
641 777 770 843 nomine
801 799 854 843 eos
885 799 1010 861 vocans,
1034 779 1103 844 sive
1137 785 1201 844 tres
1225 777 1361 861 ordines,
1386 778 1466 843 sive

327 904 471 989 singulos
495 903 615 968 ordinis
638 905 796 989 cujusque
822 904 906 968 viros
931 905 1061 969 nomine
1083 904 1258 991 appellans.

373 1028 556 1115 Utrumque
582 1035 690 1093 autem
714 1028 845 1095 difficile
868 1036 916 1094 est
938 1030 1111 1116 explieatu.
1137 1029 1216 1095 Tres
1240 1030 1366 1095 ordines
1390 1052 1466 1095 me·

327 1156 459 1221 moriter
491 1154 629 1219 salutare
664 1175 726 1220 non
750 1155 795 1220 ito
819 1175 972 1240 magnum
996 1162 1063 1220 erat
1088 1162 1124 1219 ut
1150 1156 1278 1242 seriptis
1303 1154 1464 1218 manden-

328 1281 405 1346 dum
442 1287 534 1364 esset,
570 1281 715 1366 singulos
750 1282 836 1347 viros
871 1282 1001 1346 nomine
1036 1281 1198 1367 appellare
1228 1283 1334 1367 majus
1357 1302 1465 1367 quam

328 1405 413 1494 quod
437 1405 523 1471 orodi
546 1406 655 1492 possit.
680 1404 835 1471 Mendum
860 1406 959 1471 latere
981 1405 1188 1471 manifestum
1212 1412 1270 1472 est.

373 1531 456 1597 Cum
481 1554 565 1614 vero,
590 1553 672 1618 quae
696 1531 756 1597 hoo
782 1532 887 1619 eapite
911 1531 949 1596 de
975 1531 1103 1597 Nerone
1125 1539 1305 1615 narrantur,
1325 1531 1465 1596 fiantad

329 1658 521 1724 imitandum
542 1658 741 1744 Augustum,
766 1657 853 1744 quod
873 1658 967 1723 initio
987 1657 1086 1744 hujus
1109 1659 1223 1744 eapitis
1235 1665 1284 1723 est
1295 1658 1468 1745 praelatus

329 1785 473 1871 scriptor,
497 1790 712 1871 opportunum
737 1784 799 1849 erit
822 1782 965 1848 eonferre
988 1804 1071 1869 quae
1092 1784 1124 1847 in
1139 1784 1205 1849 vita
1217 1783 1362 1869 Augusti
1373 1805 1398 1849 o.
1414 1786 1464 1847 53

330 1910 518 1977 traduntur:
547 1910 629 1993 „Die
653 1918 784 1977 senatus
807 1930 967 1997 nusquam
991 1920 1097 1997 patres
1120 1911 1184 1974 nisi
1207 1911 1240 1973 in
1264 1911 1354 1974 ouria
1372 1911 1466 1974 salu-

328 2038 410 2103 tavit
440 2044 473 2102 et
499 2036 630 2123 quidem
655 2035 804 2118 sedentis,
827 2057 864 2101 ao
888 2036 1077 2101 nominatim
1101 2036 1245 2121 singulos
1268 2036 1357 2101 nullo
1380 2036 1464 2100 sub·

330 2163 511 2229 monente.’'
548 2162 666 2228 Deesse
690 2168 795 2227 nostro
819 2161 886 2226 looo
909 2162 1052 2249 aliquam
1077 2184 1186 2228 vooem
1210 2182 1275 2248 qua
1297 2168 1464 2227 senatores

329 2289 537 2376 designentur
560 2288 634 2373 quis
658 2288 777 2372 neget?
800 2285 971 2351 Excidisse
994 2287 1118 2382 aliquid
1143 2287 1280 2370 videtur,
1303 2308 1340 2352 ao
1358 2286 1463 2353 donee

330 2414 443 2480 melior
476 2414 608 2479 fortasse
642 2413 743 2478 oodex
768 2414 956 2499 reperiatur,
981 2414 1038 2501 qui
1062 2414 1196 2479 verbum
1221 2414 1374 2479 omissum
1398 2434 1462 2479 ex·

330 2541 425 2627 pleat,
453 2539 658 2605 scribendum
682 2560 795 2605 conseo
820 2539 905 2625 quod
928 2540 1005 2605 olim
1029 2539 1162 2626 Lipsius
1187 2548 1235 2605 est
1257 2541 1460 2626 suspicatus:

330 2667 444 2731 Omnis
468 2672 627 2732 senatores
651 2666 762 2732 ordine
785 2665 923 2731 subinde
945 2688 982 2731 ao
1006 2667 1189 2731 memoriter
1211 2666 1372 2730 salutavit.

511 3043 543 3106 C.
583 3041 632 3106 12.
672 3041 825 3104 Exhibuit
848 3046 951 3105 autem
973 3041 1017 3104 od
1041 3041 1165 3122 ferrum
1187 3043 1281 3105 etiam
1303 3042 1458 3125 quadrin-

549 3175 655 3250 gentos
678 3173 838 3232 senatores
860 3174 1075 3252 sescentosque
1099 3172 1216 3250 equites
1239 3171 1406 3256 Romans,
1427 3183 1459 3238 et

551 3295 703 3379 quosdam
734 3294 884 3378 fortunae
914 3302 1008 3379 atque
1038 3297 1276 3361 esistimutiostis
1301 3301 1455 3384 snteqrae.

374 3553 461 3628 Quid
497 3553 612 3617 ultima
648 3553 745 3618 verba
767 3554 975 3640 significant?
1000 3554 1214 3621 Manebantne
1237 3556 1368 3642 quidam
1392 3558 1456 3622 for·

329 3685 425 3744 tunae
456 3686 553 3766 atque
584 3680 833 3744 existimationis
857 3681 1010 3765 integrae,
1034 3680 1111 3745 dum
1135 3682 1356 3768 gladiatoriam
1381 3707 1456 3770 ope-

329 3827 396 3869 ram
428 3805 639 3892 praestabant,
665 3807 762 3870 ceteri
797 3828 872 3871 vero
896 3828 938 3871 ex
962 3807 1205 3894 quadringentis
1229 3811 1456 3897 sexcentisque

329 3932 394 3995 illis
417 3931 577 3996 fortunam
601 3939 634 3997 et
652 3932 926 3998 existimationem
946 3935 1144 4000 amiserant?
1156 3934 1243 4001 Vooe
1259 3936 1455 4022 „quosdam”

328 4065 413 4122 oerte
444 4058 670 4143 intelliguntur
692 4059 838 4122 nonnulli
862 4082 905 4125 ex
929 4061 1040 4127 ordine
1063 4064 1221 4128 senatorio
1245 4070 1277 4128 et
1301 4066 1453 4149 equestri.

330 4182 446 4247 Statim
470 4184 555 4249 enim
580 4185 805 4271 subjungitur:
833 4209 875 4251 ex
900 4187 1015 4253 iisdem
1038 4187 1204 4254 ordinibus
1228 4196 1286 4255 eto.
1338 4271 1342 4281 ι

374 4308 460 4395 Ergo
491 4310 637 4397 plerique
667 4311 788 4376 ordinis
811 4314 962 4377 senatorii
986 4322 1018 4378 et
1040 4317 1209 4400 equestris,
1233 4337 1305 4380 oum
1331 4319 1363 4381 in
1387 4338 1455 4380 am-
