3259 5275
743 598 762 660 5

185 806 270 880 Quis
291 794 491 873 intellexerit
518 805 675 892 quomodo
699 805 786 870 Nero
810 806 913 870 factus
936 806 979 869 sit
998 804 1190 869 libidinosus
1203 810 1311 892 tyran·

187 934 273 997 nus?
296 932 384 1007 Quid
407 933 525 997 dieitur
548 932 588 997 de
613 932 711 997 Burri
734 938 766 997 ct
790 930 928 996 Senecae
952 932 1103 1018 potentia,
1129 931 1167 996 de
1193 933 1313 1018 Agrip-

187 1059 284 1145 pinae
310 1059 495 1138 ambitione,
521 1058 560 1124 de
584 1059 677 1124 bellis
700 1078 783 1145 quac
805 1055 946 1122 corbulo
968 1059 1077 1143 gessit,
1101 1078 1184 1144 quae
1207 1060 1315 1123 omnia

188 1185 323 1249 Tacitus
358 1184 527 1270 magnifice
563 1192 595 1249 et
629 1183 772 1269 graviter
805 1183 981 1269 exposuit?
1013 1182 1184 1269 Nusquam
1217 1183 1315 1248 miser

187 1312 251 1376 iste
284 1312 418 1397 scriptor
449 1312 483 1374 in
517 1311 661 1375 moribus
692 1309 904 1395 depingendis
928 1309 982 1373 ria
1004 1315 1037 1374 et
1060 1310 1182 1374 ratione
1206 1331 1314 1395 proce·

187 1437 247 1519 dit,
277 1458 442 1523 nunquam
465 1437 608 1501 nativam
632 1435 782 1517 indolem,
807 1454 918 1499 causas
941 1434 1178 1521 depravationis
1202 1435 1313 1501 ordine

188 1571 305 1628 narrat.
337 1562 470 1627 Nullius
499 1563 584 1627 vitae
607 1561 741 1625 nitidam
766 1567 798 1625 ct
820 1559 960 1625 lucidam
985 1560 1159 1645 imaginem
1184 1583 1314 1647 expres-

188 1690 242 1771 sit,
279 1697 315 1754 nt
348 1710 411 1754 uno
443 1690 477 1752 in
507 1694 676 1773 conspectu
708 1692 810 1751 totum
842 1685 1004 1751 hominem
1029 1685 1147 1751 videas.
1173 1675 1337 1753 Tantum'

188 1820 281 1885 abest
310 1824 346 1883 ut
376 1838 478 1882 unum
509 1816 587 1903 quid
618 1822 720 1880 totum
753 1821 887 1901 ponator
917 1819 954 1878 ut
985 1813 1113 1878 nonnisi
1137 1836 1314 1902 pannorum

187 1947 315 2010 tristem
349 1965 500 2010 acervum
535 1942 728 2029 praebuerit.
767 1940 860 2006 Adde
895 1939 979 2026 quod
1004 1941 1051 2005 rei
1074 1940 1314 2028 chronologicae

188 2072 320 2137 omnino
351 2071 517 2155 negligens
547 2074 660 2133 cuncta
691 2067 774 2132 facta
804 2088 923 2153 susque
946 2065 1050 2153 deque
1073 2068 1253 2152 conjecerit,
1281 2076 1317 2132 ut

189 2217 286 2261 nemo
320 2196 420 2259 vitam
455 2193 594 2259 Neronis
630 2195 738 2279 legens
769 2193 931 2278 intelligat
960 2198 1069 2257 utrum
1102 2192 1189 2258 Nero
1222 2195 1316 2261 initio

190 2322 284 2407 regni
318 2343 357 2385 an
389 2326 497 2407 postea
527 2326 661 2385 matrem
686 2318 847 2401 occiderit,
871 2319 956 2406 quod
978 2326 1086 2384 tamen
1109 2319 1149 2383 ad
1168 2321 1316 2406 judican-

189 2449 268 2513 dum
292 2447 331 2513 de
354 2448 556 2533 imperatoris
580 2445 686 2511 indole
709 2446 849 2510 multum
874 2446 980 2511 refert.
1006 2444 1059 2511 Sic
1083 2452 1190 2512 nostra
1211 2455 1315 2515 aetate

191 2576 287 2640 multi
310 2574 441 2641 fortasse
461 2573 688 2661 judicaverint,
709 2557 819 2638 'nescio
842 2592 882 2636 an
908 2594 991 2638 vere.
1016 2570 1148 2639 Constat
1169 2581 1255 2640 certo
1280 2575 1313 2640 id

191 2702 276 2788 quod
299 2702 393 2765 initio
417 2701 645 2786 objiciebatur:
671 2721 713 2763 ox
733 2699 839 2764 medio
859 2720 937 2764 aero
957 2705 1083 2786 praeter
1093 2703 1315 2788 excerptiones

191 2833 225 2893 ct
245 2829 440 2892 imitationes
461 2847 561 2912 pauca
578 2847 744 2912 superesse
757 2827 827 2891 eius
840 2827 985 2910 vestigia.
1000 2825 1196 2890 Litterarum
1210 2827 1317 2892 studia

190 2976 253 3018 non
288 2954 367 3017 adeo
402 2959 438 3016 ut
473 2951 531 3015 hac
567 2957 670 3016 aetate
700 2958 791 3016 erant
814 2952 997 3015 communia
1021 2951 1076 3016 sed
1098 2952 1208 3038 paucis
1234 2953 1314 3017 viris

190 3081 296 3166 iisqne
326 3100 386 3142 non
413 3079 457 3142 ita
480 3077 579 3141 doctis
603 3077 740 3162 propria.
766 3075 853 3149 Quid
877 3097 952 3140 vero
975 3086 1105 3140 severus
1127 3077 1183 3145 ille
1206 3098 1316 3141 censor

190 3207 389 3294 responderit
412 3205 490 3268 viris
512 3206 598 3268 certo
620 3204 822 3289 antiquitatis
844 3203 1065 3288 copiosissima
1088 3201 1230 3267 doctrina
1256 3205 1315 3266 im·

191 3334 279 3398 bulis
302 3339 334 3396 et
356 3332 497 3417 plurima
520 3330 655 3394 lectione
679 3330 796 3415 politis,
810 3330 867 3415 qni
880 3326 1033 3393 Suetonio
1045 3330 1204 3394 maximos
1216 3330 1313 3395 hono·

192 3481 242 3523 res
274 3456 469 3521 habuerint?
492 3455 666 3542 Postquam
691 3456 787 3537 enim,
812 3454 971 3520 Orientali
995 3476 1092 3540 regno
1116 3476 1226 3520 everso
1249 3455 1315 3543 By·
1426 3529 1429 3535 .

191 3584 296 3646 nantia
330 3589 432 3668 capta,
467 3579 562 3644 Italia
597 3580 679 3644 facta
714 3586 761 3644 est
795 3578 886 3644 sedes
920 3581 1112 3662 litterarum,
1143 3580 1228 3645 unde
1259 3603 1316 3667 per

191 3689 289 3773 totam
325 3708 486 3794 Europam
517 3707 558 3771 ab
589 3707 783 3772 humanistis
806 3707 864 3792 qui
888 3705 1040 3770 dicuntur
1063 3707 1207 3772 thesauri
1232 3709 1315 3771 anti·

192 3835 324 3921 quitatis
348 3842 423 3899 sunt
444 3833 613 3916 divulgati,
638 3855 711 3897 cnm
736 3834 769 3894 in
793 3833 873 3896 alios
893 3833 1061 3920 scriptores
1074 3840 1143 3897 tum
1156 3835 1190 3896 in
1204 3831 1315 3898 Sueto·

193 3962 282 4024 nium
304 3959 408 4025 denuo
428 3961 644 4024 ineu-buerunt
662 3959 726 4022 viri
746 3958 838 4037 docti.
862 3958 942 4023 Mssi
962 3959 1103 4024 studiose
1123 3961 1315 4046 legebantur

193 4093 224 4150 et
248 4086 461 4172 typographia
482 4086 613 4149 inventa
638 4085 733 4170 longa
753 4087 851 4149 series
874 4085 1062 4169 editionum,
1084 4107 1166 4172 quae
1178 4087 1218 4151 ab
1231 4107 1315 4152 anno

196 4213 280 4275 1470
304 4213 428 4298 incipit,
453 4233 495 4276 ex
519 4212 657 4276 officinis
681 4213 841 4297 processit.
867 4211 958 4285 Quae
978 4212 1076 4298 vulgo
1097 4213 1316 4279 illustrissimo

194 4338 321 4400 cuidam
353 4339 492 4424 principi
524 4337 685 4402 dedicatae
718 4345 749 4402 et
771 4338 968 4424 praefatione
991 4339 1136 4404 munitae
1159 4346 1257 4422 crant,
1282 4340 1316 4402 in
