3259 5275
772 581 789 642 7
838 671 840 677 ,

197 788 385 874 Aliquando
408 789 516 870 etiam,
540 810 611 852 oum
637 789 787 873 antiquae
810 788 937 852 litterae
960 785 1132 851 admodum
1157 785 1322 851 inhonore

196 918 313 997 essent,
348 915 492 1000 neglecto
526 914 684 1001 quidquid
720 934 833 1000 parum
867 919 950 977 esset
972 911 1134 977 laudabile
1156 912 1197 975 ad
1220 912 1322 976 virtu·

195 1046 246 1105 tes
270 1038 415 1105 Suetonii
439 1041 611 1126 praecipue
632 1040 756 1103 animos
776 1037 989 1103 attenderunt.
1003 1036 1091 1111 Quas
1103 1058 1172 1102 esse
1184 1038 1322 1103 eximias

191 1166 263 1251 jam
298 1185 317 1227 a
352 1166 449 1251 priori
484 1165 653 1229 admittere
687 1164 771 1229 licet.
806 1164 897 1227 Fieri
919 1164 1006 1227 enim
1030 1184 1092 1227 non
1117 1170 1220 1249 potest
1242 1165 1322 1250 quin

196 1292 342 1377 scriptor,
366 1292 424 1377 qui
448 1291 558 1355 multis
581 1290 748 1355 hominum
773 1290 946 1375 generibus
970 1289 1210 1355 delectationem
1231 1289 1323 1355 adtu-

196 1418 282 1500 lerit,
307 1439 402 1503 quem
427 1417 522 1481 multi
535 1418 598 1481 viri
610 1415 788 1481 doctissimi
800 1422 833 1481 et
845 1415 965 1480 iudicio
977 1436 1058 1501 puro
1070 1416 1206 1480 summis
1218 1415 1321 1480 laudi·

197 1544 259 1607 bus
290 1544 476 1624 extulerint,
508 1542 626 1606 multas
650 1561 767 1628 easque
790 1542 967 1628 praeclaras
991 1540 1211 1607 inscribendo
1234 1540 1322 1607 dotes

196 1668 321 1753 ingenii
343 1666 526 1733 ostenderit.
551 1665 617 1740 Qui
639 1688 715 1731 vero
737 1666 777 1730 ad
800 1686 917 1753 paucas
937 1666 1038 1732 cheul
1053 1665 1236 1753 Tranquilli
1247 1688 1321 1753 ope·

196 1813 270 1857 rum
306 1794 459 1879 reliquias
495 1794 640 1856 animum
675 1791 850 1857 adverterit
883 1813 960 1856 mox
983 1791 1076 1857 oredo
1098 1786 1200 1857 multa
1223 1793 1322 1856 iniis

196 1919 327 2005 egregia
350 1926 383 1985 et
404 1919 510 2007 lepide
534 1918 618 1986 dicta
641 1918 794 1985 inveniet.

240 2044 417 2131 Imprimis,
451 2047 637 2135 quicunque
667 2045 857 2111 Suetonium
881 2045 967 2129 leget
988 2043 1202 2109 admirabitur
1225 2044 1321 2111 breve

197 2171 277 2236 illud
301 2179 333 2237 et
355 2174 563 2256 succinctum,
588 2173 672 2260 quod
696 2194 771 2239 vere
790 2172 822 2237 ei
842 2171 1008 2258 proprium
1028 2170 1320 2237 asserindicamus.

197 2295 301 2362 Omne
331 2298 470 2362 nimium
506 2304 543 2363 ut
577 2300 730 2364 vitiosum
765 2304 813 2363 est
835 2298 1007 2381 abiectum,
1035 2298 1139 2362 omnis
1163 2319 1322 2363 excursus

198 2422 327 2505 vitatus,
364 2423 460 2487 celeri
496 2430 527 2487 et
561 2424 654 2489 firmo
689 2423 790 2509 gradu
823 2424 958 2508 scriptor
988 2423 1138 2488 lectorem
1170 2423 1259 2488 ducit
1281 2423 1321 2488 ad

196 2547 292 2613 finem
318 2556 474 2634 utquam
499 2550 640 2636 plurima
663 2549 755 2631 facta,
781 2549 875 2631 dicta,
889 2551 1320 2638 quaecunquenotaripotu·

196 2677 288 2758 erint,
313 2675 351 2740 de
375 2673 567 2741 Caesaribus
590 2676 756 2762 percipiat.
781 2675 852 2740 Neo
874 2675 1045 2762 quisquam
1070 2680 1106 2740 ut
1129 2677 1242 2763 opinor
1253 2684 1318 2740 tam

196 2803 316 2888 exiguo
351 2804 515 2867 volumine
546 2809 592 2866 tot
615 2824 665 2867 res
680 2807 794 2887 'gestas
817 2802 1034 2867 coarctaverit.
1059 2801 1167 2866 Etiam
1191 2802 1243 2866 vir
1265 2802 1320 2866 illc

196 2928 345 3012 egregins
372 2934 405 2992 et
435 2928 614 2991 litterarum
640 2926 732 2992 valde
757 2927 881 3013 peritus
905 2925 983 2992 adeo
1008 2926 1197 2991 brevitatem
1220 2932 1319 2991 secta·

195 3057 246 3115 tus
281 3058 330 3116 est
363 3058 399 3116 ut
422 3052 569 3116 flosculos
593 3053 744 3116 orationis
769 3059 801 3117 et
824 3051 1028 3138 periodorum
1052 3050 1224 3116 rotundum
1247 3073 1319 3117 cur·

195 3199 277 3261 sum,
301 3177 498 3242 concinnitas
522 3198 604 3264 qnae
628 3176 756 3258 dicitur,
781 3178 912 3242 omnino
934 3177 1126 3263 neglexerit.
1150 3177 1235 3242 Dein
1249 3178 1318 3243 lau·

194 3303 317 3368 dandus
344 3310 393 3368 est
414 3324 515 3389 purus
538 3311 570 3367 et
593 3277 721 3388 elegans
745 3325 859 3386 sermo,
880 3305 971 3390 copia
994 3309 1026 3368 et
1046 3303 1222 3388 proprietas
1247 3325 1318 3368 ver·

193 3431 317 3514 borum,
353 3430 490 3494 facilitas
524 3431 658 3516 antiqua
689 3431 786 3496 verba
810 3431 844 3494 in
868 3451 963 3494 usum
988 3429 1157 3495 revocandi
1180 3436 1213 3494 et
1236 3450 1318 3494 nova

193 3576 235 3619 ex
259 3557 326 3620 vita
348 3557 512 3621 communi
535 3555 719 3638 inducendi,
744 3557 777 3620 in
802 3557 991 3621 universum
1015 3556 1074 3621 hoc
1097 3556 1181 3642 quod
1207 3579 1317 3624 omnes

193 3675 361 3768 scriptores
385 3683 524 3748 celebres
548 3681 675 3765 habent,
700 3682 827 3748 dicendi
851 3682 1010 3769 quoddam
1023 3703 1126 3768 genus
1139 3685 1316 3770 proprium.

237 3808 304 3872 Ista
327 3808 366 3873 de
389 3809 583 3893 elocutione;
607 3809 757 3874 narrandi
780 3816 887 3874 autem
909 3810 994 3874 ratio
1017 3809 1140 3873 multis
1153 3832 1195 3874 ex
1219 3811 1317 3896 parti·

194 3933 253 3998 bus
289 3942 337 3998 est
372 3934 540 3998 laudanda.
572 3932 655 3998 (lum
676 3935 773 4015 enim,
799 3941 836 3998 ut
859 3956 902 3999 ex
925 3935 1118 4021 antiquitate
1141 3936 1317 4021 imaginem

192 4059 333 4144 aliquam
368 4058 561 4145 depromam,
599 4059 731 4122 historia
765 4059 882 4123 similis
916 4060 960 4124 sit
986 4059 1111 4146 judicio
1142 4061 1207 4143 isti,
1231 4060 1316 4148 quod

119 4169 122 4176 ’
193 4184 268 4248 olim
293 4183 378 4270 apud
404 4184 582 4271 Aegyptios
606 4184 645 4250 dc
670 4187 803 4249 mortuis
824 4185 1011 4269 habebatur,
1035 4188 1069 4249 in
1092 4207 1156 4273 quo
1170 4187 1317 4274 virigra-

195 4331 249 4374 ves
284 4316 316 4374 et
346 4310 522 4396 incorrupti
553 4311 642 4375 nulla
665 4310 775 4376 habita
798 4311 920 4376 ratione
943 4311 1110 4398 dignitatis
1132 4311 1172 4378 de
1196 4314 1263 4379 vita
1286 4323 1319 4381 et
