3259 5275
749 603 789 664 67

197 812 382 878 universam
416 812 564 878 libertate
596 811 744 897 donavit3
775 812 938 899 simulque
956 813 1084 899 judicas
1105 814 1236 880 civitate
1258 814 1323 880 Ro·

197 959 293 1002 mana
334 945 366 1003 et
406 938 543 1025 pecunia
576 938 721 1023 grandi'’.
759 937 855 1003 Nunc
889 940 1045 1025 pecuniae
1078 962 1176 1026 agana
1211 940 1321 1007 eadem

200 1064 343 1149 praemia
384 1064 530 1150 reposcit.
566 1064 674 1128 Etiam
709 1065 882 1150 imperator
915 1063 1020 1129 Galba
1053 1065 1152 1130 stulta
1187 1064 1325 1132 Neronis

199 1189 326 1255 decreta
366 1190 544 1255 aboliturus
579 1191 722 1277 praemia
755 1191 830 1255 olim
869 1190 943 1255 data
976 1192 1174 1257 revocavisse
1207 1191 1326 1257 dicitur

200 1316 286 1402 apud
309 1315 517 1401 Xiphilinmn
543 1316 579 1380 L.
604 1318 645 1379 63
668 1339 694 1383 c.
711 1318 752 1381 14
765 1318 793 1379 ἐν
806 1318 837 1380 δὲ
850 1325 910 1388 τοῖς
923 1318 1104 1394 Ὀλυμπίοις
1117 1316 1200 1398 cippos
1212 1317 1326 1390 ἐλάσας

200 1441 251 1504 καὶ
282 1442 376 1505 πεσὼν
404 1438 437 1514 ἐξ
460 1443 551 1505 αὐτοῦ
572 1441 623 1505 καὶ
647 1442 744 1519 ὀλίγον
768 1442 824 1505 δεῖν
848 1441 1010 1520 συντριβεὶς
1035 1440 1113 1519 ὅμως
1137 1444 1324 1523 ἐστεφανώθη

200 1564 252 1630 nal
276 1566 324 1630 aa
348 1570 431 1630 τοῦτο
454 1566 505 1630 ucri
528 1575 589 1638 τοῖς
610 1568 809 1637 iracundiam
830 1567 887 1638 τὰς
910 1569 997 1630 πέντε
1008 1566 1059 1631 καὶ
1072 1565 1158 1632 εἴκοσι
1170 1569 1325 1649 μυριάδας,

200 1690 371 1772 doctiorem
395 1692 522 1770 Γάλβας
545 1695 614 1772 παρ’
639 1696 735 1759 αὐτῶν
760 1695 922 1775 ἀπῄτησεν,
948 1693 1059 1758 ἔδωκεν.

246 1819 324 1884 Orta
355 1826 402 1885 est
425 1820 605 1906 corruptela
628 1820 768 1907 simplici
793 1820 1039 1904 transpositione
1062 1820 1251 1885 verborum:
1275 1842 1325 1885 co·

200 1968 294 2011 ronas
329 1954 361 2011 et
395 1946 574 2028 civitatum,
610 1965 674 2031 qua
710 1946 793 2010 facta
826 1952 934 2031 postea
964 1946 1061 2010 etiam
1093 1967 1185 2010 casus
1208 1949 1327 2012 mutari

201 2093 282 2160 opus
306 2073 380 2137 fuit.

383 2358 417 2423 0.
450 2357 502 2425 33.
535 2358 623 2438 Quod
645 2363 801 2441 acceptum
825 2358 1006 2438 aquodam
1025 2357 1173 2451 Locusta,
1197 2380 1325 2423 camno-

424 2485 545 2549 rioram
567 2485 668 2548 indice
690 2490 743 2547 cto.

245 2695 416 2761 Locustam
448 2696 549 2761 luisse
572 2697 816 2762 venenariorum
841 2697 979 2762 indicem
1002 2698 1130 2763 nonnisi
1153 2699 1213 2764 hoo
1235 2698 1327 2765 modo

199 2822 359 2907 explicari
395 2829 513 2908 potest:
550 2821 650 2888 fuisse
681 2823 824 2910 aliquam
855 2845 982 2889 oausam
1014 2825 1173 2908 veneficii,
1204 2827 1326 2912 inqua

199 2947 341 3012 Locusta
375 2954 413 3013 ut
447 2948 570 3013 debitas
604 2969 721 3035 poenas
754 2949 910 3035 effugaret
932 2950 1012 3016 alios
1035 2952 1192 3017 veneficos
1215 2960 1326 3040 sponte

200 3073 409 3139 indicaverat.
444 3072 494 3138 De
528 3073 585 3138 tali
620 3079 728 3138 autem
760 3095 856 3139 causa
885 3083 917 3140 et
949 3076 1031 3142 lacto
1062 3077 1219 3142 Locustae
1243 3079 1325 3143 nihil

200 3199 351 3263 innotuit.
388 3198 460 3262 Tac.
494 3197 532 3262 L.
560 3199 599 3261 13
624 3220 649 3263 o.
677 3199 716 3262 15
743 3198 830 3263 Anu.
854 3199 893 3266 de
917 3221 953 3265 aa
977 3202 1023 3267 ita
1045 3201 1205 3288 loquitur:
1233 3205 1325 3285 „atti-

199 3323 337 3388 nebatur
370 3323 518 3387 damnata
549 3323 696 3388 veneficii
720 3323 849 3389 nomine
872 3323 1020 3408 Locusta,
1043 3327 1146 3391 multa
1168 3329 1325 3394 scelerum

200 3451 318 3533 fama”‚
354 3458 386 3516 et
420 3450 458 3515 L.
493 3451 533 3514 12
557 3472 582 3515 o.
609 3451 668 3515 66:
697 3449 871 3535 „deligitur
890 3451 1008 3517 artifex
1032 3454 1146 3518 talium
1171 3455 1325 3548 vocabulo

200 3576 349 3659 Locusta,
385 3597 488 3662 nuper
519 3576 665 3641 veneficii
698 3575 847 3640 damnata
871 3583 904 3642 et
926 3576 982 3642 diu
1006 3578 1091 3644 inter
1112 3581 1324 3646 instrumenta

199 3702 292 3788 regni
316 3677 458 3765 habita.”
483 3700 546 3765 Dio
569 3700 607 3764 L.
634 3702 675 3764 60
698 3723 724 3765 c.
749 3701 791 3764 84
811 3701 914 3766 dedit:
938 3703 1147 3784 ᾖΛνννοῦστνὶν
1165 3730 1232 3770 aava
1243 3713 1322 3788 Φαρ-

200 3826 317 3904 μμκίδμ
339 3826 507 3907 περιβόητον
530 3827 782 3906 μετεπέμψατο.”

246 3952 298 4017 ax
333 3952 452 4037 quibus
476 3951 552 4016 locis
575 3951 658 4015 nihil
681 3958 865 4038 computare
888 3954 963 4019 licet
985 3956 1048 4020 nisi
1071 3957 1241 4022 Locustam
1264 3960 1323 4023 ali-

201 4081 327 4167 quoties
357 4080 489 4144 fovtasse
519 4079 559 4143 ob
591 4078 781 4144 veneficium
807 4080 840 4142 in
865 4082 994 4146 vincula
1015 4084 1189 4148 coniectam
1213 4076 1323 4166 fuisse,

201 4204 331 4268 interim
361 4209 467 4267 tamen
499 4225 518 4267 a
548 4203 749 4290 principibus
772 4205 935 4271 occasione
957 4206 1031 4271 data
1052 4227 1121 4271 asse
1143 4206 1321 4272 adhibitam

201 4337 239 4398 ut
261 4330 347 4395 huno
370 4330 538 4396 velillum
562 4329 780 4394 adversarium
804 4330 886 4394 olam
909 4332 1064 4398 tollerent.
