3259 5275
864 593 905 655 14

364 799 410 865 At
433 800 605 886 quominus
630 800 885 866 emendationem
909 802 998 865 illum
1020 803 1227 868 admittamus
1247 803 1350 869 obstat
1369 825 1444 869 auc·

319 926 429 989 toritas
460 925 585 1009 Dionis,
617 927 675 1012 qui
706 926 745 990 L.
770 928 813 989 44
838 924 874 990 0.
902 930 918 989 7
945 928 1023 991 haec
1046 928 1159 993 habet:
1183 929 1289 1005 ἀμέλει
1313 929 1364 992 καὶ
1388 954 1443 1006 γυ·

319 1048 411 1119 ναιέὶν
446 1050 526 1122 ἴσαις
562 1051 597 1114 ἂν
631 1052 752 1131 ἐθελήσῃ
785 1060 909 1115 συνεῖναι
940 1054 964 1115 ci
987 1051 1158 1128 ἐτόλμησάν
1182 1078 1256 1125 τινες
1280 1055 1445 1137 ἐπιτρέψω,

319 1176 361 1241 dre
392 1186 519 1249 πολλαῖς
543 1179 594 1242 καὶ
618 1178 684 1242 τότε
708 1179 759 1261 ἔτι,
784 1180 886 1257 καίπερ
910 1180 1157 1253 reccurrendum
1179 1183 1227 1262 cir,
1251 1181 1366 1259 ἐχρῆτο,
1393 1178 1444 1243 Ob

319 1326 402 1390 quae
427 1305 524 1370 verba
547 1304 662 1370 Dionis
686 1307 744 1369 alii
771 1306 909 1387 „vellet”
934 1304 1137 1370 retinendum
1158 1312 1444 1392 csseputavcrunt.

320 1430 489 1517 Discrepot
510 1438 618 1497 autem
643 1433 781 1496 narratio
804 1431 921 1496 Dionis
943 1432 1040 1496 etiam
1065 1431 1129 1495 alia
1148 1454 1191 1497 ex
1204 1439 1444 1518 partearerum

320 1563 413 1639 statu,
438 1556 543 1643 qualis
566 1577 586 1620 a
609 1528 762 1621 Suetonio
785 1557 968 1643 exponitur.
994 1551 1093 1642 Apud
1118 1557 1344 1643 Tranquillum
1357 1560 1444 1623 enim

315 1684 409 1768 jussu
434 1680 579 1747 Caesaris
603 1683 657 1746 lex
681 1682 791 1763 fertur,
817 1682 880 1746 Dio
903 1704 978 1747 vero
1000 1682 1098 1747 tradit
1121 1684 1289 1748 nonnullos
1314 1682 1445 1749 Caesari

320 1808 505 1895 permittere
536 1828 629 1871 ausos
657 1829 726 1872 esse
749 1814 786 1871 ut
809 1809 918 1894 plures
942 1809 1041 1872 simul
1065 1830 1183 1874 uxores
1206 1808 1345 1874 duceret.
1370 1808 1444 1873 Non

320 1956 394 2020 crgo
430 1933 567 1998 Dionem
605 1934 636 1996 in
669 1933 728 1997 hac
758 1935 893 1999 lectione
916 1934 1084 1999 statuenda
1108 1958 1125 2001 e
1151 1936 1287 2021 vestigio
1310 1932 1470 2021 sequen?

320 2061 396 2125 dum
432 2059 525 2124 credo
560 2058 615 2123 sed
650 2081 724 2123 cum
759 2059 921 2124 codicibus
957 2082 1036 2147 quos
1066 2062 1231 2125 nominavi
1254 2060 1444 2146 legendum:

420 2193 457 2249 ut
481 2206 598 2249 uxores
621 2185 795 2248 liberorum
821 2184 1074 2270 quaerendorum
1099 2207 1195 2250 causa
1218 2207 1297 2272 quas
1316 2195 1348 2251 et
1368 2192 1446 2273 quot

320 2314 439 2381 vellent
464 2311 581 2376 ducere
603 2312 719 2377 liceret,

505 2587 538 2653 0.
575 2586 628 2650 56.
668 2586 827 2650 Feruntur
860 2592 888 2649 et
921 2608 942 2651 u
970 2606 1069 2667 puero
1099 2592 1128 2651 et
1150 2587 1189 2651 ab
1212 2585 1445 2650 adulescentulo

543 2717 697 2803 quaedum
715 2714 850 2818 scriptu,
874 2720 908 2776 ut
931 2713 1041 2777 laudes
1066 2713 1211 2777 Herculis
1234 2718 1285 2776 etc.

366 2952 471 3017 Locus
501 2948 555 3014 hio
584 2949 625 3014 ab
649 2946 790 3034 antiquis
814 2946 990 3010 editoribus
1013 2949 1101 3012 varie
1124 2952 1264 3011 tentatus
1288 2953 1354 3029 est3
1379 2946 1445 3010 imo

317 3083 386 3167 jam
411 3077 537 3144 librarii
561 3075 710 3140 videntur
733 3074 810 3139 dum
834 3074 957 3139 codices
981 3072 1201 3137 describebant
1225 3073 1257 3134 in
1273 3072 1378 3136 verbis
1395 3078 1446 3152 „et

321 3227 340 3270 a
365 3203 484 3293 puero”
509 3203 660 3266 haesisse.

365 3330 476 3397 Codex
500 3329 650 3394 Salmasii
671 3328 784 3393 tradit:
813 3327 980 3409 „feruntur
1002 3333 1034 3390 et
1057 3326 1103 3389 ait
1124 3347 1196 3389 vero
1209 3308 1444 3389 abadulesoen·

320 3457 420 3539 tulo,”
446 3456 627 3520 Hulsianus
650 3454 733 3520 liber
755 3454 869 3518 habet:
897 3453 1064 3534 „feruntur
1086 3457 1118 3516 et
1140 3473 1159 3514 a
1179 3473 1280 3536 puero
1303 3451 1344 3515 ab
1366 3450 1444 3514 adu·

319 3583 526 3648 lescentulo.''
554 3581 606 3644 Ad
631 3543 778 3644 ultimam
801 3580 970 3644 lectionem
995 3598 1091 3664 quam
1116 3577 1211 3640 attuli
1223 3576 1336 3641 Rothii
1348 3576 1445 3641 verba

321 3708 469 3795 proxime
492 3705 654 3771 accedunt.
680 3703 769 3770 Haec
792 3711 900 3768 autem
924 3704 1017 3768 lectio
1044 3709 1136 3783 „eta
1159 3722 1258 3786 puero
1270 3709 1302 3766 et
1313 3702 1353 3766 ab
1366 3701 1443 3766 adu-

322 3832 516 3900 lescentulo”
560 3830 642 3894 mihi
677 3829 807 3917 quidem
845 3829 988 3893 maxime
1024 3826 1185 3913 probatur.
1222 3825 1373 3912 Scriptor,
1408 3833 1444 3891 ut

321 3959 465 4026 ostendat
487 3957 610 4043 ingenii
633 3955 721 4020 dotes
740 3956 809 4041 jam
834 3955 938 4040 prima
956 3954 1129 4038 juventute
1151 3953 1185 4014 in
1210 3950 1346 4017 Caesare
1365 3952 1443 4016 emi·

323 4087 437 4166 cuisse,
472 4083 560 4148 addit
595 4081 713 4166 scripta
747 4079 904 4166 quaedam
928 4081 999 4164 ejus
1022 4079 1114 4164 pueri
1137 4077 1242 4141 adhuc
1265 4084 1296 4142 et
1319 4076 1444 4140 adules-

323 4210 443 4276 centuli
468 4208 588 4293 vagari.
615 4205 705 4271 Haeo
730 4228 793 4270 vox
822 4205 961 4291 „puero”
986 4211 1096 4268 utrum
1121 4210 1190 4268 orta
1205 4205 1248 4267 sit
1259 4225 1299 4267 ex
1318 4203 1443 4284 „vero'',

322 4355 404 4421 quae
438 4335 471 4397 in
495 4333 568 4397 aliis
602 4331 763 4396 codicibus
795 4330 964 4417 reperitur,
987 4350 1028 4392 an
1055 4330 1171 4409 „vero”
1195 4329 1312 4392 factum
1337 4330 1379 4392 sit
1402 4349 1444 4392 ex
