3259 5275
895 584 916 646 2

338 794 455 859 clarius
491 793 670 858 litterarum
702 793 825 879 gloriae
855 793 1101 858 inconstantiam
1124 793 1299 859 ostendent.
1324 792 1464 867 Quotus-

340 918 478 1005 quisque
512 918 598 984 enim
634 926 682 984 est
719 958 759 967 -
797 919 855 983 vix
880 940 963 983 unus
987 920 1039 983 vel
1062 920 1143 983 alter
1165 918 1205 983 ob
1228 919 1335 984 oculos
1358 940 1464 983 versa·

341 1052 395 1108 tur
429 1083 470 1092 —
505 1045 562 1131 qui
597 1066 669 1109 cum
705 1045 847 1131 primum
883 1045 917 1107 in
952 1045 1056 1109 lucem
1073 1044 1186 1109 editus
1209 1052 1266 1127 est,
1291 1046 1398 1109 statim
1422 1046 1463 1107 ab

340 1171 531 1256 aequalibus
563 1192 637 1235 cum
672 1156 790 1256 gaudio
824 1178 856 1234 et
890 1169 985 1235 laude
1019 1178 1183 1256 exceptus,
1208 1177 1316 1256 postea
1338 1193 1465 1256 semper

341 1296 478 1361 eundem
509 1296 642 1362 honoris
661 1295 797 1382 gradum
821 1297 987 1362 tenuerit?
1011 1296 1125 1370 Plures
1149 1305 1258 1362 contra
1281 1298 1333 1364 vel
1355 1319 1465 1362 omnes

344 1424 436 1489 modo
468 1424 609 1490 studiose
632 1424 837 1511 pervolutati,
862 1423 1013 1511 descripti
1036 1430 1068 1489 et
1085 1425 1271 1523 junioribus
1295 1433 1332 1490 ut
1355 1448 1464 1494 exem-

342 1551 412 1637 plar
445 1551 600 1637 propositi
634 1557 719 1633 sunt,
743 1550 789 1614 ita
813 1558 850 1614 ut
872 1571 999 1619 summo
1023 1552 1057 1613 in
1081 1550 1210 1637 fastigio
1233 1558 1347 1633 essent,
1372 1551 1465 1621 modo

341 1675 381 1739 ob
416 1674 558 1740 defectus
592 1675 760 1740 nonnullos
783 1676 926 1760 graviter
956 1676 1113 1763 increpati
1144 1684 1176 1740 et
1197 1676 1316 1743 honore
1337 1675 1463 1762 dejecti,

341 1801 475 1886 pulvere
508 1800 653 1865 obvoluti
683 1802 717 1864 in
748 1800 944 1866 bibliothece
966 1801 1132 1887 cujusdam
1157 1802 1289 1867 latebris
1312 1804 1462 1868 latebant.

342 1926 432 2001 Quae
456 1928 666 1992 inconstantia
679 1948 795 2013 magna
807 1945 850 1992 cx
862 1935 952 2016 parte
964 1928 1104 2016 profecto
1116 1936 1296 2017 temporum
1310 1931 1464 1995 varietate

342 2053 533 2139 explicatur,
568 2074 641 2118 cum
676 2053 849 2137 interdum,
873 2055 913 2119 ob
937 2061 1042 2119 motus
1065 2056 1177 2121 civiles
1200 2063 1232 2122 et
1255 2057 1462 2124 barbarorum

340 2177 600 2259 dominationem,
624 2179 803 2244 litterarum
829 2180 935 2245 studia
958 2190 1198 2262 marcescerent,
1217 2183 1390 2263 interdum,
1404 2184 1463 2246 hu·

340 2306 503 2370 manitatis
538 2306 670 2371 laetiore
700 2308 771 2372 luce
795 2306 949 2393 fulgente,
973 2307 1163 2395 disciplinae
1186 2316 1218 2373 et
1240 2315 1323 2374 artes
1343 2311 1462 2397 passim

340 2434 479 2498 ubertim
504 2439 724 2499 excrescerent
747 2432 888 2498 Multum
912 2456 1039 2522 quoqne
1063 2435 1271 2499 tribuendum
1295 2444 1342 2501 est
1359 2436 1463 2500 homi-

340 2581 418 2658 num
456 2560 628 2647 multiplici
665 2566 697 2625 et
732 2562 840 2625 variae
870 2571 1012 2645 naturae,
1037 2584 1120 2649 qnae
1144 2584 1200 2649 pro
1223 2563 1287 2627 alio
1310 2570 1463 2650 tempore,

339 2688 435 2768 coele,
460 2687 670 2751 humanitatis
692 2687 793 2772 gradu
817 2688 898 2752 alios
921 2690 1022 2775 poscit
1033 2690 1214 2775 scriptores,
1227 2690 1323 2753 aliam
1337 2692 1464 2776 quaerit

340 2814 426 2878 viam
461 2814 591 2888 intimos
626 2835 700 2878 suos
733 2815 835 2877 animi
866 2835 978 2879 sensus
1008 2815 1223 2899 exprimendi.
1256 2813 1383 2888 Quibus
1406 2835 1463 2879 nos

339 2963 395 3006 nos
430 2941 556 3006 casibus
579 2938 767 3006 subtrahere
790 2939 854 3005 lato
877 2939 1014 3026 quodam
1039 2939 1265 3026 prohibemur3
1289 2961 1351 3004 non
1375 2941 1462 3004 enim

341 3069 375 3133 vi
409 3069 478 3154 regi
501 3089 535 3132 se
558 3067 735 3154 patiuntur,
759 3065 843 3153 quod
867 3065 1018 3131 docemur
1041 3066 1227 3152 proverbio:
1251 3066 1291 3132 de
1314 3067 1464 3151 gustibus

339 3213 403 3258 non
426 3199 474 3258 est
496 3192 735 3280 disputandum.

385 3317 468 3383 (lum
499 3326 606 3384 autem
639 3317 791 3383 Suetonio
823 3317 1012 3403 Tranquillo
1043 3337 1171 3404 operam
1195 3316 1304 3380 darem
1328 3318 1464 3401 ejusque

341 3443 446 3509 famae
482 3444 725 3508 inconstantiam
756 3465 814 3530 per
840 3443 969 3527 longam
993 3442 1193 3507 saeculorum
1216 3441 1332 3505 seriem
1356 3440 1463 3504 obser·

342 3590 449 3635 vanem
472 3571 600 3656 saepius
624 3570 681 3634 illa
704 3570 864 3656 cogitatio,
888 3590 985 3655 quam
1010 3568 1049 3633 de
1072 3569 1145 3631 aliis
1163 3573 1257 3632 antea
1276 3566 1463 3650 habueram,

339 3697 372 3760 in
398 3697 584 3761 memoriam
609 3695 801 3762 recurrebat.
825 3694 955 3760 Etenim
980 3694 1107 3759 fortuna
1130 3696 1201 3779 ejus
1223 3692 1360 3757 decursu
1383 3701 1462 3758 tem·

340 3822 425 3908 poris
449 3820 542 3885 valde
565 3821 654 3886 varia
678 3820 750 3884 luit.

385 3945 557 4012 Suetonius
587 3968 624 4011 eo
655 3954 798 4031 tempore
830 3966 893 4031 quo
925 3945 1010 4010 vixit
1037 3965 1153 4030 magna
1177 3944 1263 4008 sama
1285 3924 1461 4009 fruebatur.

340 4072 513 4138 Uberrima
548 4075 618 4158 ejus
649 4072 800 4154 doctrina,
825 4092 922 4158 quam
946 4079 983 4136 ut
1006 4073 1055 4137 vir
1076 4072 1305 4158 grammaticus
1327 4090 1408 4156 puro
1430 4075 1463 4133 et

339 4198 479 4284 eleganti
513 4218 658 4264 sermone
690 4197 846 4280 tradebat,
881 4199 1026 4262 omnium
1061 4197 1246 4282 aequalium
1277 4196 1461 4260 admiratio·

341 4345 414 4414 nem
446 4325 557 4389 movit.
589 4323 696 4398 Quare
726 4323 835 4388 Plinio
862 4324 979 4388 minori
1002 4322 1125 4386 amicus
1148 4327 1181 4384 et
1204 4320 1270 4384 lere
1293 4320 1462 4382 familiaris
