3259 5275
299 819 371 864 care
393 798 445 863 vel
472 798 560 885 „ipse
583 798 801 885 conspiciens”
829 798 878 864 vel
905 799 994 885 „ipse
1015 798 1224 885 conspcotns”
1248 818 1342 862 nemo
1362 818 1427 861 non

298 926 442 1011 ignorat;
467 924 526 989 hoc
549 932 657 989 autem
677 925 744 990 loco
769 925 909 1011 intelligi
931 922 1101 990 Caesarem
1124 945 1143 987 a
1167 923 1328 988 militibus
1351 943 1426 987 con-

298 1056 442 1137 spectum
478 1050 715 1116 miserationem
747 1052 905 1117 excitasse
934 1051 1139 1138 perspicuum
1164 1057 1221 1115 est.
1246 1048 1327 1124 Quis
1350 1070 1428 1114 vero

299 1177 421 1243 dixerit
443 1176 576 1242 Latine:
604 1178 751 1259 „flectere
773 1177 916 1264 aliquem
940 1199 983 1243 ex
1005 1184 1174 1263 conspeetu
1198 1176 1279 1242 suo?
1292 1175 1427 1241 Insolito

299 1325 427 1390 prorsus
438 1310 498 1369 ·est
519 1304 645 1369 locutio.

343 1429 420 1495 Ideo
454 1430 593 1496 Rotbius
626 1430 723 1517 legit:
754 1430 840 1494 solus
863 1436 896 1495 et
916 1434 1087 1516 conspectu
1111 1450 1178 1494 suo.
1195 1427 1296 1532 >Quod
1319 1430 1347 1493 si
1369 1428 1427 1493 ad-

299 1560 466 1625 mittamus
502 1578 613 1623 sensus
644 1562 692 1621 eat
720 1555 789 1621 hic:
815 1553 964 1642 Caligula
987 1577 1040 1621 eos
1064 1555 1158 1620 flexit
1180 1555 1276 1638 solus,
1300 1555 1424 1620 nullius

297 1686 433 1767 auxilio,
456 1683 555 1770 idque
578 1687 748 1770 conspectu
763 1704 840 1747 suo.
865 1682 949 1747 Mihi
973 1681 1102 1775 videtur
1121 1682 1427 1747 nulladistinotione

297 1833 354 1876 neo
377 1810 576 1897 separatione
599 1830 679 1896 opus
704 1830 781 1874 esse.
806 1807 956 1895 Caligula
976 1808 1062 1874 solus
1083 1808 1202 1874 milites
1222 1809 1325 1873 flexit.
1339 1806 1426 1882 Quo·

298 1936 413 2001 modo?
437 1934 520 2000 Cum
544 1936 651 2021 ipsum
675 1935 902 2020 conspicerent.
916 1933 1427 2021 Quareacqniescendnmjudico

297 2050 426 2124 lectioni
444 2062 513 2146 jam
539 2060 572 2123 in
594 2058 729 2123 vetustis
749 2058 945 2124 editionibus
958 2066 1120 2147 receptae:
1137 2061 1242 2141 „solus
1255 2068 1425 2148 conspectu

297 2209 355 2251 auo
390 2187 523 2271 flexit'’;
554 2207 619 2273 quo
649 2187 784 2251 lectione
815 2193 900 2251 recte
923 2193 955 2252 et
977 2193 1110 2254 venuste
1133 2188 1219 2253 idem
1244 2190 1428 2255 continetur

298 2313 383 2400 quod
416 2314 502 2401 apud
534 2312 608 2378 Tac.
633 2312 720 2377 Ann.
744 2312 782 2377 L.
808 2312 835 2396 Ι,
860 2336 886 2378 o.
912 2316 954 2378 40
977 2320 1134 2379 narratur.
1159 2314 1280 2382 Milites
1304 2317 1426 2381 tumul-

296 2444 434 2520 tuantes,
470 2459 543 2502 enm
566 2438 785 2525 conspicerent
808 2437 1001 2524 Caligulam,
1026 2440 1084 2526 qui
1109 2440 1265 2506 Treveros
1288 2442 1425 2509 deduce·

298 2566 402 2648 batur,
426 2564 459 2628 id
482 2564 552 2629 fieri
579 2564 721 2629 nolentes
744 2565 783 2629 ad
808 2565 1039 2652 poenitentiam
1063 2566 1149 2631 versi
1171 2573 1256 2632 sunt.

480 2937 513 3002 0.
540 2935 589 3000 12.
614 2936 726 3019 Sejooo
741 2941 815 3022 jem
835 2945 912 3002 trcoc
929 2944 1066 3018 suspecto
1085 2961 1156 3004 mox
1175 2945 1358 3021 etoppresso
1372 2992 1380 3007 .
1394 2989 1423 3006 ..

342 3219 447 3286 Nemo
469 3219 562 3286 credo
586 3220 664 3286 haec
688 3223 785 3288 verba
808 3223 918 3309 legens
941 3222 1123 3291 offenditur.
1145 3223 1265 3290 Omnia
1283 3227 1426 3292 dilucida

298 3355 330 3413 ct
361 3355 446 3413 reeta
479 3355 561 3412 sunt,
593 3347 826 3428 Nihilominus,
851 3371 924 3414 cum
956 3352 1055 3417 verba
1081 3353 1163 3438 „jam
1189 3353 1286 3417 tnnc''
1311 3375 1328 3418 e
1352 3374 1425 3418 con·

294 3475 421 3559 jactura
452 3473 485 3536 in
508 3479 636 3538 textum
657 3481 783 3561 recepta
805 3496 825 3539 a
851 3476 958 3541 verbis
980 3477 1106 3541 traditis
1132 3478 1270 3543 multum
1295 3478 1424 3562 distent,

298 3601 337 3665 ad
360 3601 538 3687 genuinum
561 3607 689 3665 textum
713 3602 972 3667 constituendum
995 3625 1124 3669 necesse
1148 3606 1210 3669 erit
1230 3627 1329 3670 mesos
1341 3606 1426 3671 inter

297 3749 331 3793 sc
364 3726 516 3793 conferre.
553 3726 637 3794 Med.
670 3750 717 3814 pr.
748 3727 846 3794 habet
872 3736 957 3815 „oste
980 3731 1090 3813 tuno'’‚
1116 3730 1200 3797 bled.
1225 3753 1287 3796 seo.
1314 3730 1424 3813 „hoste

238 3913 240 3917 .
298 3853 405 3936 tunc''‚
442 3852 524 3917 Med.
560 3859 631 3920 tert.
666 3876 725 3935 „ne
748 3855 857 3937 tuno”,
881 3854 1013 3922 Momm.
1036 3856 1101 3922 cod.
1128 3858 1259 3942 „vcte’';
1283 3865 1424 3923 ceterum
1535 3845 1542 3855 ⁰

299 4001 363 4044 vox
401 3979 517 4060 „tuno”
552 3980 585 4041 in
621 3979 732 4043 multis
762 3980 836 4044 aliis
866 3981 1029 4046 codicibus
1051 3982 1260 4050 desideratur.
1284 3982 1322 4047 In
1347 4004 1424 4047 non·

297 4103 397 4202 nullis
420 4103 512 4168 libris
537 4104 657 4190 legitur
678 4103 855 4192 „hospite’'.

344 4230 435 4305 Quae
470 4238 577 4296 autem
614 4231 707 4296 lectio
743 4253 785 4297 ex
823 4234 921 4297 variis
955 4233 1020 4296 illis
1054 4234 1259 4320 aptissimum
1293 4255 1423 4299 sensum

296 4357 446 4444 praebeat
469 4357 624 4444 quislibet
646 4357 738 4422 oredo
757 4361 827 4445 jam
852 4358 948 4425 videt.
974 4357 1056 4423 Sunt
1078 4360 1176 4424 verba
1189 4359 1272 4426 Med.
1287 4359 1419 4424 secundi
