3259 5275
698 588 739 651 49

157 822 296 887 persona
329 800 524 885 designetur.
563 799 687 864 Deinde
723 802 900 886 requiritur
933 802 1061 888 aliquod
1085 802 1286 884 adverbium,

157 950 229 1013 quo
261 928 464 1014 exprimatur
495 947 557 991 non
582 947 710 1012 semper
733 926 787 992 sed
811 922 938 1013 quando
961 928 1065 993 stabat
1088 929 1141 994 vel
1163 929 1294 995 sedebat

158 1050 300 1117 Claudio
334 1053 554 1117 auctoritatem
590 1059 621 1117 et
645 1051 835 1137 dignitatem
861 1053 981 1118 formae
1005 1054 1115 1119 fuisse.
1139 1052 1293 1140 Sequitur

158 1180 268 1244 enim:
300 1186 441 1246 aeterum
472 1186 505 1244 et
528 1178 762 1265 ingredientem
786 1179 1004 1244 destituebant
1027 1181 1163 1266 poplites
1186 1182 1293 1245 minus

10 1306 12 1337 ¹
122 1302 124 1305 ’
159 1302 252 1369 firmi
286 1314 344 1372 ete.
382 1305 566 1391 Utrumque
598 1312 704 1371 autem
739 1306 884 1391 attigisse
908 1305 990 1369 mihi
1014 1306 1143 1372 videtur
1164 1306 1293 1372 Ouden-

159 1432 306 1518 dorpius,
332 1432 455 1517 quiex
480 1432 587 1497 verbis
614 1438 665 1512 ,et
689 1432 856 1496 veterum’'
882 1472 922 1480 -
951 1440 984 1497 et
1003 1434 1103 1498 veteri
1122 1472 1164 1481 -
1186 1433 1296 1519 legen-

164 1558 247 1623 dum
278 1558 443 1645 proposuit
473 1559 522 1639 ,ei
547 1560 691 1624 verum'’.
716 1557 832 1644 Itaque
855 1565 921 1623 tots
944 1560 1103 1624 sententia
1125 1561 1171 1624 sio
1195 1581 1296 1625 enun-

164 1686 285 1748 tietur:
318 1683 502 1748 Auctorims
534 1684 738 1770 dignitasque
769 1684 890 1749 formae
914 1706 976 1749 non
1000 1684 1104 1749 defuit
1127 1687 1158 1749 ei
1181 1707 1294 1751 verum

166 1810 268 1874 stanti
292 1810 343 1876 vel
366 1809 490 1875 sedenti
515 1816 573 1877 ete.

353 2083 386 2149 0.
424 2084 476 2149 42.
516 2084 656 2165 Quorum
690 2103 785 2147 cansa
816 2085 911 2147 veteri
940 2085 1156 2149 Alexandriae
1190 2085 1298 2149 Most>

398 2210 541 2274 additum
565 2232 603 2274 err
625 2210 725 2289 ipsius
747 2211 880 2274 nomiae.
975 2301 977 2306 Ι

216 2444 293 2509 Post
332 2443 478 2526 „Musio”
514 2444 673 2511 excidisse
706 2445 851 2525 verbum,
875 2466 939 2531 quo
963 2467 1070 2510 reeens
1096 2452 1295 2511 exstructum

168 2572 323 2638 Museum
355 2572 524 2654 indicetur,
549 2570 695 2659 plerique
717 2557 936 2637 erediderunt.¹
955 2573 1162 2639 Casaubonus
1188 2596 1297 2640 roeem

170 2699 353 2780 „alterum”
389 2699 590 2785 interposuit,
625 2698 873 2785 Oudendorpius
910 2698 1096 2781 ,Musium’'
1131 2701 1292 2786 repetivit.

166 2824 239 2888 Our
258 2845 320 2888 uon
332 2826 420 2910 legas
436 2825 606 2906 ,novum'',
621 2845 704 2910 quae
716 2846 780 2889 vox
792 2832 866 2911 apte
878 2826 918 2904 τῷ
935 2826 1077 2906 „veteri”
1089 2827 1294 2912 opponatur?

346 3099 431 3164 Nero
445 3091 491 3165 0.
517 3099 547 3161 2.
577 3099 700 3162 Atovus
719 3099 785 3180 ejus
812 3098 870 3164 On.
897 3099 1054 3164 Domitius
1078 3101 1111 3163 io
1135 3100 1298 3163 treunam

384 3226 585 3309 pontificibus
620 3226 780 3310 offensior,
815 3226 899 3310 quod
932 3227 1031 3289 aliam
1067 3247 1160 3311 quom
1194 3247 1226 3289 se
1259 3226 1291 3288 in

387 3353 495 3431 petris
525 3353 577 3414 sui
607 3351 705 3416 Deum
728 3358 931 3436 cooptassent,
948 3353 1005 3432 jus
1027 3319 1220 3415 sacerdotem
1243 3372 1296 3414 sa-

394 3479 626 3562 tragoedorum
662 3500 682 3541 o
717 3478 849 3559 collegiis
879 3477 921 3540 od
947 3477 1098 3560 populum
1123 3478 1297 3560 transtulit,

391 3609 426 3666 ot
459 3605 491 3666 io
527 3602 693 3666 consulatu
723 3601 939 3682 Allobrogibus
973 3601 1188 3687 Arvernisque
1209 3623 1297 3682 eupe-

392 3731 482 3811 rett'S,
505 3727 667 3811 elephanto
685 3749 745 3812 per
766 3728 959 3807 provinciam
982 3733 1085 3791 vertas
1108 3735 1153 3792 est
1173 3734 1229 3794 etc.

213 3964 311 4029 Festa
346 3985 428 4050 quae
461 3963 520 4029 hoo
554 3964 621 4028 loeo
656 3969 886 4028 enumerantur
919 3984 981 4027 non
1012 3968 1087 4026 sunt
1117 3961 1215 4027 unius
1237 3961 1293 4026 sed

166 4091 307 4156 duorum
337 4113 355 4154 e
386 4097 480 4175 gente
505 4089 656 4155 Domitia.
682 4088 785 4170 Alter,
809 4088 974 4153 Domitius
997 4095 1095 4175 pater,
1119 4091 1152 4151 a⁰
1179 4089 1241 4150 122
1265 4109 1294 4155 a.

166 4217 246 4282 Ohr.
277 4218 354 4283 vicit
385 4217 586 4302 Allobrogas,
617 4216 707 4297 alter,
733 4215 896 4279 Domitius
921 4215 1018 4296 filius,
1041 4221 1076 4277 a⁰
1102 4215 1164 4277 104
1187 4215 1292 4298 legem

168 4342 347 4408 Domitiam
371 4343 411 4407 de
434 4342 649 4408 saeerdotibus
671 4341 757 4407 tulit.
782 4330 892 4426 Atque
919 4343 973 4428 „in
997 4340 1082 4405 buno
1102 4340 1188 4404 dixit
1207 4339 1294 4404 Liei·

1180 4466 1196 4516 4
