3259 5275
889 559 930 621 16

525 842 552 909 0
585 845 626 907 75
662 845 775 909 bestias
796 866 917 930 qaoque
939 847 983 910 ad
1004 866 1121 910 manus
1141 847 1251 930 populi
1274 858 1475 929 comparatas

564 972 845 1036 contrucidaverut.

389 1201 562 1268 Genitivus
600 1206 751 1292 „populi”
782 1228 839 1292 pro
861 1207 1004 1291 genitivo
1027 1208 1185 1293 objectivo
1209 1207 1345 1273 habetur
1369 1215 1401 1274 et
1424 1210 1472 1274 ita

346 1330 544 1415 explicatur:
580 1353 698 1396 munus
731 1334 850 1418 populo
884 1332 1034 1397 dandum.
1060 1334 1150 1399 Talis
1174 1342 1283 1401 autem
1306 1337 1476 1420 genitivus
1578 1369 1580 1374 ·

343 1459 521 1544 objectivus
542 1480 616 1522 cum
640 1457 745 1523 indole
768 1459 899 1543 linguae
922 1458 1057 1523 Latinae
1081 1466 1212 1546 pugnat.
1234 1459 1363 1525 Dicitur
1382 1462 1472 1525 enim

350 1607 457 1665 „amor
479 1584 563 1649 Dei'’
587 1605 643 1670 pro
671 1603 778 1663 „amor
802 1584 835 1646 in
859 1582 1000 1666 Deum”,
1026 1586 1103 1671 quia
1127 1585 1216 1651 Deus
1239 1593 1287 1651 est
1309 1587 1473 1673 obJectum

345 1711 479 1775 aetionis
514 1708 662 1795 amandi„
686 1710 783 1774 etiam
819 1709 981 1789 „studium
1007 1711 1236 1797 reipublicae,”
1261 1712 1339 1798 quia
1362 1736 1476 1801 respu-

346 1840 429 1903 blica
453 1833 505 1903 vel
530 1838 736 1924 magistratus
759 1843 835 1900 sunt
857 1837 1017 1922 objectum
1042 1839 1095 1902 cui
1118 1837 1273 1903 studetur.
1298 1839 1372 1905 Non
1397 1863 1476 1906 vero

346 1966 465 2031 dicitur
503 1986 640 2047 „munus
664 1964 797 2051 populi''
822 1984 879 2050 pro
905 1985 1042 2044 „munus
1067 1965 1184 2051 populo
1208 1964 1389 2050 dandum’';
1413 1989 1476 2033 nec

346 2092 449 2177 magis
484 2092 600 2157 Latine
634 2090 746 2154 dicunt
782 2088 920 2169 „donum
944 2089 1025 2153 filii”
1052 2111 1108 2176 pro
1134 2090 1270 2172 „donum
1296 2093 1380 2179 quod
1403 2092 1475 2158 filio

344 2218 531 2302 tribuitur’',
556 2219 633 2304 quia
656 2216 744 2281 filius
768 2237 831 2280 non
854 2222 902 2280 est
924 2216 1084 2302 objectum
1108 2218 1242 2282 actionis
1265 2217 1372 2283 dandi.

390 2343 497 2418 Quare
520 2346 666 2431 plerique
690 2344 855 2407 molestam
880 2364 990 2408 vocem
1018 2344 1169 2429 „populi”
1194 2344 1305 2409 tollere
1328 2346 1473 2412 volentes

345 2471 543 2557 scripserunt
580 2469 638 2550 „ad
670 2489 787 2531 munus
820 2467 1016 2553 publicum’',
1040 2469 1097 2532 alii
1121 2490 1230 2533 vocem
1258 2471 1410 2557 „populi''
1435 2479 1473 2535 ut

344 2596 457 2660 falsam
492 2595 690 2661 deleverunt.
723 2593 885 2659 Neutrum
908 2601 1015 2659 tamen
1040 2593 1217 2659 remedium
1241 2601 1352 2682 aptum
1377 2595 1472 2681 duxi,

344 2723 420 2807 quia
452 2722 583 2786 tertium
607 2721 708 2784 multo
732 2720 912 2805 simplicius
936 2720 969 2782 iu
994 2726 1142 2806 promptu
1167 2727 1231 2784 est:
1260 2721 1319 2801 „ad
1352 2744 1472 2787 munus

344 2848 461 2933 populo
492 2853 689 2932 comparatas
711 2847 794 2910 ete.’'
818 2843 921 2918 Quam
946 2819 1145 2910 levissimam
1170 2848 1378 2912 mutationem
1399 2849 1470 2933 jam

238 2957 241 2970 ⁸
344 2971 591 3060 Oudendorpius
627 2974 659 3036 in
694 2971 952 3035 adnotationibus
987 2972 1070 3037 iuter
1103 2972 1167 3035 alia
1190 2974 1358 3036 conamina
1380 2995 1464 3037 com-

344 3098 559 3180 mendaverat,
586 3119 647 3162 uon
672 3104 779 3162 tamen
804 3117 902 3160 ausus
926 3097 1030 3161 estin
1053 3103 1181 3160 textum
1207 3099 1358 3183 recipere.
1384 3096 1467 3162 Cum

346 3249 420 3293 vero
456 3227 636 3312 simplicius
669 3224 849 3289 remedium
883 3245 987 3309 neque
1022 3223 1174 3288 offeratur
1208 3230 1239 3288 et
1275 3207 1333 3287 vix
1368 3226 1467 3289 ctiam

343 3353 520 3438 excogitari
563 3352 661 3438 possit
695 3349 844 3436 equidem
880 3351 1092 3435 conjecturam
1126 3349 1208 3412 hanc
1245 3371 1307 3413 non
1342 3349 1469 3415 dubita-

345 3479 446 3543 verim
471 3478 649 3542 admittere.

524 3715 551 3781 C
573 3716 624 3778 77.
660 3716 751 3779 Nibil
780 3736 844 3778 csse
866 3714 1098 3797 rempublicam,
1122 3715 1358 3798 appellationem
1381 3720 1467 3778 modo
1510 3810 1513 3813 ι

564 3844 633 3905 siae
656 3863 780 3925 corpore
803 3863 841 3905 ae
863 3843 969 3925 speeie.

388 4051 517 4139 Species
552 4059 600 4116 est
634 4057 805 4115 externum
842 4051 930 4137 quid,
965 4051 998 4115 id
1030 4050 1113 4137 quod
1137 4052 1341 4137 conspicitur,
1367 4073 1465 4138 quare

298 4165 300 4169 ¹
342 4179 438 4244 ctiam
471 4178 577 4264 imago
600 4178 633 4240 in
658 4179 777 4242 somnis
800 4199 957 4264 apparens
980 4186 1012 4242 et
1035 4178 1213 4241 similitudo
1236 4179 1283 4242 rei
1306 4178 1365 4242 hac
1389 4200 1465 4243 voce

342 4305 559 4391 designantur.
595 4303 686 4369 Idem
721 4305 904 4390 intelligens
939 4303 1156 4369 Ruhnkenius
1187 4306 1221 4368 in
1245 4305 1375 4369 scholiis
1397 4305 1465 4369 suis
