3259 5275
866 578 1040 638 60·

367 787 417 851 Ob
437 809 534 874 quam
557 787 777 852 auctoritatem
801 809 819 851 e
841 786 1035 851 nostratibus
1055 786 1301 872 Oudendorpins
1321 792 1353 851 et
1364 785 1448 849 Bur-

323 935 460 978 mannus
486 916 555 999 jam
587 913 767 979 ediderant:
792 912 866 977 Non
890 913 1052 978 dubitavit
1154 914 1239 997 darc,
1263 934 1360 1000 quarn
1384 914 1448 978 lec·

322 1040 441 1105 tionem
473 1041 572 1104 miror
594 1060 651 1104 cur
673 1039 812 1104 Rotbius
836 1040 992 1125 rejecerit.
1018 1036 1101 1102 Cum
1126 1039 1211 1104 enim
1238 1038 1360 1104 codices
1384 1060 1446 1102 non

321 1166 406 1229 inter
428 1188 462 1231 se
484 1166 691 1247 consentiant,
717 1164 780 1229 Dio
805 1162 935 1229 Cassius
958 1129 1067 1229 autem
1091 1165 1260 1230 manifesto
1283 1185 1303 1228 a
1325 1163 1448 1227 Salma-

320 1290 409 1354 siano
432 1289 599 1377 discrepet,
624 1297 744 1356 temere
768 1289 881 1355 fecisse
905 1289 1034 1356 videtur
1053 1291 1111 1376 qui
1132 1290 1247 1354 Dionis
1259 1290 1448 1355 auctoritate

322 1419 428 1500 spreta
452 1414 552 1479 codici
576 1413 774 1480 Salmasiano
798 1418 969 1502 praecipue
994 1414 1089 1480 fidem
1113 1414 1238 1480 babeat.

368 1540 473 1637 Minor
507 1548 555 1606 est
590 1540 804 1628 discrepantia
827 1540 912 1627 quod
936 1541 1058 1606 codices
1083 1542 1217 1628 partim:
1246 1562 1327 1622 „non
1352 1539 1446 1604 dubi-

326 1668 407 1733 tavit
429 1668 558 1751 etiam”,
572 1668 689 1755 partim
707 1688 783 1749 „nec
795 1667 957 1732 dubitavit
969 1668 1087 1732 etiam”
1102 1667 1249 1731 habeant.
1263 1665 1448 1752 Utrumque

327 1793 412 1856 enim
437 1794 617 1877 promiscue
642 1792 726 1879 apud
750 1792 920 1878 scriptores
943 1791 1075 1856 Latinos
1100 1792 1268 1878 reperitur.

503 2042 536 2108 Ο.
562 2043 615 2107 25.
641 2044 838 2126 inpastacque
859 2062 932 2105 coes
954 2063 991 2105 cc
1012 2040 1152 2104 lemnisci
1174 2046 1204 2103 ct
1225 2040 1367 2104 bellaria.

366 2253 491 2318 Avium
527 2254 649 2318 mentio
683 2252 742 2317 boc
767 2253 834 2318 loco
857 2253 966 2338 inepta
989 2258 1047 2317 est.
1071 2250 1183 2325 Quid?
1206 2252 1346 2317 Erantne
1369 2252 1448 2317 illae

321 2398 398 2443 aves
422 2400 504 2465 quae
528 2379 762 2465 spargebantur
784 2378 879 2443 vivae
902 2398 943 2441 an
968 2379 1134 2443 mortuae?

365 2502 628 2590 Interpretatores
663 2503 703 2568 ad
738 2524 840 2567 unum
875 2524 985 2567 omnes
1019 2524 1128 2568 vocem
1163 2502 1252 2566 illam
1284 2503 1446 2588 rejiciunt,

321 2652 383 2696 non
406 2640 513 2695 tamen
537 2629 615 2716 qnid
639 2628 811 2716 legendum
836 2630 878 2694 sit
902 2652 958 2716 pro
982 2634 1067 2695 certo
1090 2636 1244 2697 statuunt.
1269 2629 1446 2695 Floresvel

321 2759 383 2822 tale
417 2757 496 2844 quid
533 2758 697 2822 meliorem
730 2757 869 2843 prolecto
891 2779 1021 2822 sensum
1045 2759 1186 2844 praebet.
1210 2758 1315 2824 Nemo
1338 2766 1445 2823 tamen

320 2884 484 2970 explicare
515 2884 620 2970 potuit
644 2883 801 2969 quomodo
829 2884 963 2966 „flores”
984 2885 1017 2947 in
1044 2886 1159 2966 „aves”
1183 2892 1368 2973 corruptum
1392 2887 1446 2951 sit.

321 3009 491 3075 Praeterea
514 3011 617 3075 obstat
640 3009 716 3074 huic
739 3010 940 3076 coniecturae
963 3013 1100 3094 incestae
1123 3011 1157 3074 in
1181 3012 1346 3079 feminino.

499 3246 531 3312 0.
567 3247 620 3310 25.
655 3246 770 3330 &cras
803 3265 932 3310 coronas
965 3249 1001 3310 io
1031 3247 1177 3312 muniis
1207 3249 1322 3312 circum
1353 3248 1446 3312 lectos

535 3376 663 3458 posuit.
680 3424 709 3438 ..

343 3555 454 3635 'Haeo
478 3571 574 3636 verba
594 3573 669 3657 jure
691 3571 906 3658 suspicionem
931 3579 1069 3637 movent.
1090 3572 1202 3653 Quid?
1215 3572 1444 3639 Nerocoronas

319 3697 352 3760 in
387 3697 535 3762 cubiculo
570 3699 700 3785 posuit?
733 3698 924 3764 Timebatne
946 3719 987 3763 ne
1010 3699 1293 3785 conspicerentur?
1317 3700 1379 3765 Vel
1403 3702 1443 3785 si,

318 3823 403 3909 quod
433 3824 580 3889 nonnulli
603 3825 806 3909 contendunt,
831 3844 943 3890 earum
967 3831 1098 3912 aspectu
1123 3826 1274 3891 oblectari
1298 3826 1444 3913 quotidie

317 3949 467 4036 cupiebat
502 3951 587 4036 finge
622 3950 682 4015 tibi
716 3951 824 4015 animo
859 3951 954 4037 quale
988 3951 1048 4016 hoc
1082 3952 1298 4038 spectaculum
1333 3952 1442 4035 fuerit,

317 4075 501 4140 innumeras
533 4077 604 4141 illae
635 4097 763 4140 coronas
799 4115 837 4124 -
867 4075 930 4141 Dio
953 4076 990 4141 L.
1017 4078 1058 4140 63
1082 4099 1109 4141 c.
1135 4078 1174 4141 21
1201 4099 1255 4142 eas
1279 4078 1368 4142 mille
1391 4100 1463 4142 oc··

238 4233 240 4236 ·
317 4203 476 4286 tingentes
500 4207 568 4266 octo
592 4201 691 4265 luisse
715 4208 821 4264 narrat
846 4240 885 4248 —
913 4202 945 4264 in
966 4201 1124 4266 cubiculis
1144 4208 1444 4286 coacervatascssc3

317 4346 393 4389 num
419 4326 549 4389 stultius
572 4324 651 4412 quid
674 4325 808 4411 cogitari
831 4326 957 4411 potest?
