3259 5275
893 585 912 646 6

338 812 402 879 qua
426 792 610 878 Tranquilli
632 791 743 857 laudes
767 794 801 857 in
825 795 948 859 eoelum
972 794 1175 859 tollebantur.
1200 792 1309 879 Atque
1332 781 1377 858 ita
1400 794 1465 859 fao·

339 924 409 983 tum
432 924 480 981 est
501 918 613 1003 utqui
633 925 726 982 antea
746 940 860 1005 parum
874 925 941 985 erat
953 927 1046 984 notus
1058 924 1321 1005 nunepertotam
1334 918 1465 983 Italiam

339 1050 371 1108 et
395 1042 556 1129 Europam
579 1042 757 1109 celebratus
778 1045 830 1109 sit.
850 1044 942 1119 Quae
961 1044 1072 1109 laudes
1091 1066 1170 1109 num
1190 1044 1322 1110 fortasse
1344 1046 1466 1111 nimiae

338 1167 457 1233 fuerint
491 1168 548 1231 alii
582 1168 771 1254 dijudicent.
807 1169 967 1255 Equidem
997 1176 1123 1234 nostrae
1153 1171 1268 1234 aetatis
1299 1169 1463 1234 hominem

337 1294 496 1379 legentem
529 1293 697 1358 nonnullas
728 1316 771 1359 ex
802 1294 868 1359 illis
898 1293 1137 1359 laudationibus
1167 1293 1329 1359 interdum
1363 1296 1464 1359 vixa

338 1421 405 1485 risu
429 1420 590 1485 abstinere
613 1420 717 1503 oredo,
741 1442 805 1507 ug.
830 1442 904 1485 oum
929 1420 1043 1505 legerit
1061 1419 1148 1506 apud
1168 1418 1350 1486 Gnidonem
1364 1419 1463 1485 Mori·

337 1548 442 1611 lonem
477 1547 511 1610 in
543 1546 740 1633 praefatione
770 1546 809 1610 ad
833 1546 1007 1611 editionem
1030 1546 1246 1611 Parisiensem
1271 1545 1461 1612 Suetonium

340 1672 517 1757 „gravitate
547 1692 583 1736 ae
612 1674 779 1757 majestate
810 1672 989 1754 ineedere'',
1018 1672 1070 1736 vel
1097 1672 1150 1753 „in
1174 1671 1233 1737 hoo
1255 1672 1324 1736 stili
1346 1694 1464 1759 genere

338 1798 458 1883 primas
488 1803 598 1863 tenere
627 1798 766 1884 partes.’'
802 1796 853 1861 De
884 1796 995 1861 Tacito
1026 1798 1079 1862 vel
1101 1795 1141 1861 de
1164 1796 1261 1863 Livio
1284 1819 1462 1862 samonem

338 1944 406 1988 esse
429 1922 620 2007 credideris3
645 1921 791 1988 Suetonii
816 1923 869 1987 oui
893 1924 926 1986 in
950 1929 1090 1988 mentem
1114 1922 1350 2009 veneritflpse
1366 1923 1462 1989 etiam

338 2048 586 2135 Oudendorpius
617 2049 650 2111 in
681 2068 739 2112 sua
771 2047 967 2133 praefatione
998 2045 1052 2110 ad‘
1069 2046 1242 2111 editionem
1265 2047 1342 2110 anni
1367 2048 1463 2129 1751,

338 2175 398 2241 etsi
428 2180 578 2260 agnosoat
601 2172 829 2259 Tranquillum
855 2173 1043 2259 „perpaucis
1066 2174 1228 2271 erroribus
1252 2194 1328 2260 prae
1349 2172 1463 2236 huma·

339 2320 401 2365 nae
434 2298 551 2364 indolis
574 2300 690 2384 suique
713 2300 787 2364 aevi
810 2299 911 2363 vitio”
936 2301 1113 2365 obnoxium
1137 2321 1217 2379 esse,
1242 2305 1333 2364 vocat
1355 2304 1463 2361 tamen

338 2446 412 2490 eum
445 2424 650 2510 „scriptoram
665 2472 672 2487 .
688 2471 718 2487 ..
743 2444 806 2509 quo
830 2425 1103 2510 praestantiorem,
1128 2445 1337 2509 summaeque
1360 2429 1463 2509 potes·

338 2550 413 2615 tatis
437 2556 469 2615 et
492 2550 613 2615 excelsi
636 2550 735 2613 animi
762 2549 905 2615 virorum
927 2550 1102 2637 patrooinio
1121 2543 1311 2634 digniorem,
1332 2548 1465 2634 antiqua

340 2678 398 2742 vix
421 2676 557 2762 protulit
579 2675 714 2740 Roma.’'

384 2802 466 2877 Quis
497 2823 559 2867 non
591 2823 666 2888 ergo
698 2804 731 2866 in
763 2804 949 2890 scriptorem
982 2803 1067 2868 huno
1089 2803 1124 2867 id
1148 2803 1232 2890 quod
1257 2803 1350 2867 initio
1374 2822 1464 2888 prae·

338 2927 429 2992 fabar
451 2928 621 2994 convenire
645 2927 756 2992 videt?
781 2929 836 2993 Ab
858 2928 1048 3016 aequalibus
1072 2951 1145 2994 oum
1164 2928 1283 3014 gaudio
1302 2914 1465 2992 ethonore

339 3063 504 3142 exceptus,
539 3054 698 3120 aetatibus
733 3056 882 3141 proxime
917 3055 1126 3142 sequentibus
1162 3055 1265 3138 frigus
1300 3060 1464 3139 expertus,

338 3183 457 3246 iterum
481 3187 594 3267 quarto
616 3181 742 3246 saeoulo
765 3189 797 3245 et
821 3189 930 3267 postea
953 3183 987 3245 in
1011 3181 1130 3246 honore
1152 3180 1282 3244 habitus
1301 3185 1358 3243 est.
1372 3176 1464 3241 Post·

340 3326 437 3391 quam
468 3327 525 3391 per
555 3306 688 3390 longum
711 3307 865 3393 temporis
889 3307 1031 3391 spatium
1055 3307 1089 3368 in
1112 3305 1242 3390 lduropa
1265 3325 1377 3390 parum
1403 3304 1466 3367 fuit

233 3524 235 3529 ,
339 3432 486 3516 cognitus
517 3431 638 3497 ibidem
670 3431 788 3497 honore
821 3433 991 3518 praeeipuo
1022 3432 1175 3515 habetur3
1205 3437 1312 3495 nostra
1334 3429 1465 3494 demum

340 3565 444 3624 aetate
474 3579 536 3624 non
560 3580 597 3623 eo
620 3580 684 3644 quo
707 3565 800 3624 antea
823 3559 942 3624 honore
965 3558 1115 3622 afficitur.
1141 3558 1223 3639 Quis
1247 3578 1310 3621 non
1335 3557 1368 3619 in
1392 3576 1464 3620 oon-

339 3685 441 3750 tinuis
463 3684 515 3748 his
538 3685 660 3770 gloriae
680 3692 711 3750 et
733 3684 881 3750 fortunae
906 3683 1185 3748 vicissitudinibus
1205 3705 1258 3749 eos
1279 3704 1358 3770 quos
1371 3683 1464 3745 initio

341 3811 413 3875 dixi
437 3813 534 3875 maris
556 3832 717 3876 aooessum
740 3819 773 3875 et
795 3831 956 3875 recessum
979 3810 1169 3896 agnoverit?

386 3935 489 4021 Cujus
523 3937 753 4000 inconstantiae
788 3956 968 4027 oausae'ex
992 3936 1033 4000 iis
1056 3955 1139 4022 quae
1158 3935 1234 3999 dixi
1252 3939 1322 4022 jam
1346 3940 1464 4022 patent.

341 4062 387 4126 Ut
410 4062 496 4127 enim
520 4063 677 4146 cujusque
696 4061 809 4126 aetatis
829 4061 937 4126 studia
956 4061 1140 4127 aSuetonio
1152 4062 1360 4128 fuerealiena
1372 4060 1466 4125 velei

341 4195 483 4274 cognata,
512 4194 549 4252 ut
570 4195 715 4274 tempora
732 4188 808 4274 ipsa
831 4188 1012 4275 disciplinis
1035 4196 1067 4254 et
1090 4190 1214 4254 artibus
1242 4190 1294 4255 vel
1317 4188 1467 4252 favebant

343 4317 395 4382 vel
436 4315 600 4402 nocebant,
645 4312 791 4380 Suetonii
826 4315 932 4380 studia
967 4317 1144 4381 floruerunt
1178 4316 1230 4379 vel
1263 4315 1466 4399 languerunt.
