3259 5275
829 592 871 654 22

291 809 373 874 sima
396 806 572 873 mutatione
595 806 730 892 receptis
754 806 799 869 ita
821 806 926 891 leges:
951 805 1041 892 ponit
1064 805 1287 871 assidue
1309 810 1341 871 et
1361 826 1417 891 pro

295 935 382 1021 pullo
406 933 631 1021 pulleiaoeum.

337 1061 443 1135 Quam
474 1060 568 1124 faoile
591 1060 624 1121 in
648 1059 742 1123 mssis
769 1065 820 1147 „et
842 1058 920 1145 pro”
947 1086 987 1118 τ
1012 1060 1039 1122 ds
1063 1081 1084 1145 p
1106 1058 1196 1123 abire
1219 1057 1359 1144 potuerit
1382 1058 1416 1120 in

292 1209 333 1275 ap
358 1214 398 1246 -.-.
421 1186 518 1273 apud,
541 1207 634 1251 nemo
658 1206 720 1251 non
745 1183 842 1250 videt.

473 1473 500 1540 O
522 1474 573 1538 99.
597 1480 704 1537 111111
718 1474 854 1556 jocandi
875 1472 995 1536 licentio
1014 1473 1241 1553 diripiendique
1258 1491 1417 1552 pomorum

516 1606 545 1663 et
566 1599 759 1664 obsoniorum
783 1619 952 1684 rerumque
974 1599 1116 1663 1111111111.

336 1822 387 1888 lta
417 1824 579 1890 nonnullis
610 1823 772 1890 oodioibus
803 1822 904 1888 fretus
931 1822 1070 1888 Rothius
1093 1820 1202 1886 edidit.
1227 1819 1319 1893 Quod
1344 1841 1416 1884 oum

292 1950 430 2034 legerem
463 1950 571 2014 statim
604 1947 694 2014 haesi
724 1949 758 2012 in
781 1948 963 2013 aoousatiuo
989 1947 1176 2029 „missilia”,
1200 1946 1303 2033 posito
1320 1946 1419 2032 juxta

293 2076 452 2161 genitivos
497 2096 683 2162 „pomorum
718 2080 751 2139 et
783 2075 1020 2140 obsoniorum”.
1057 2073 1143 2139 Nota
1177 2079 1226 2138 est
1255 2073 1311 2137 illa
1345 2094 1418 2137 oon·

294 2201 436 2283 struotio,
468 2220 532 2287 qua
562 2205 633 2287 post
661 2199 812 2285 gerundii
834 2199 1015 2284 genitivum
1039 2199 1234 2285 singularem
1257 2198 1416 2284 objeotum

294 2328 440 2414 sequitur
474 2327 618 2412 genitivo
641 2325 768 2413 plurali.
792 2325 919 2390 Durum
944 2347 1019 2391 vero
1042 2326 1162 2411 legenti
1186 2325 1267 2389 mihi
1291 2324 1419 2389 videtur

295 2455 327 2520 et
353 2454 512 2540 genitivos
536 2454 568 2519 et
591 2454 808 2519 aoousativum
832 2452 1038 2538 subjungere.
1063 2451 1320 2538 Oudendorpius‚
1344 2471 1417 2516 oum

295 2582 328 2644 in
357 2581 519 2647 nonnullis
543 2581 637 2646 mssis
661 2580 832 2668 reperisset
854 2580 1074 2645 aoousatiuum
1101 2578 1289 2661 „missilia'’‚
1314 2578 1418 2665 suspi-

293 2714 382 2772 oatus
416 2713 465 2772 est
507 2728 698 2793 „rerumque
732 2707 891 2771 similium
926 2707 1094 2772 missilia'’.
1130 2704 1233 2793 Cujus
1267 2704 1417 2792 equidem

293 2835 494 2918 oonJ’eoturae
525 2833 679 2897 rationem
712 2839 760 2896 sat
783 2833 930 2897 idoneam
955 2833 1102 2898 invenire
1125 2853 1187 2897 non
1212 2833 1312 2919 potui.
1335 2829 1419 2896 Sane

294 2979 377 3045 quae
401 2958 510 3024 attulit
532 2957 699 3044 exempla:
724 2954 828 3042 Galig.
855 2958 895 3020 18
919 2958 1075 3039 „missilia
1095 2957 1256 3022 uariarum
1278 2957 1418 3038 rerum'',

294 3084 382 3151 Nero
412 3088 450 3148 11
488 3085 650 3166 „omnium
675 3106 782 3149 rerum
808 3086 977 3167 missilia'’‚
1000 3086 1113 3150 Domit
1135 3092 1155 3147 4
1183 3107 1295 3166 „omne
1317 3106 1419 3170 genus

295 3233 403 3277 rerum
428 3212 596 3293 missilia”,
621 3211 791 3276 ostendunt
814 3213 1071 3297 conjunctionem
1095 3212 1266 3277 verborum
1292 3233 1419 3292 „rerum

296 3339 453 3403 similium
489 3337 646 3401 missilia’'
678 3359 697 3401 1
729 3338 842 3423 lingua
866 3338 983 3402 Latina
1005 3360 1067 3405 non
1091 3339 1271 3423 abhorrere,
1295 3345 1329 3402 at
1353 3359 1419 3402 mo·

294 3465 394 3528 lestus
417 3465 619 3528 aecusativus
647 3465 824 3545 „missilia”
847 3472 954 3531 manet
976 3473 1008 3531 11
1031 3465 1173 3531 offendit.

340 3588 489 3676 Denique
522 3589 680 3674 quomodo
715 3590 849 3656 verbum
885 3593 1082 3673 „similium”
1107 3592 1256 3657 excidere
1279 3592 1420 3678 potuerit

295 3738 357 3783 non
392 3717 494 3782 video.
529 3714 646 3781 Nonne
681 3718 781 3783 multo
812 3719 993 3805 simplioius
1018 3725 1066 3784 est
1087 3741 1161 3783 oum
1185 3721 1328 3805 antiquis
1351 3719 1419 3784 edi-

294 3845 417 3909 toribus
441 3844 546 3929 legere
573 3865 765 3930 „rerumque
789 3846 1012 3910 missilium’'?
1036 3844 1103 3910 Our
1122 3847 1281 3913 enimnon
1295 3847 1419 3912 dixeris

300 3991 368 4052 „res
393 3970 551 4034 missiles'’
576 3991 632 4056 pro
657 3972 752 4035 rebus
775 3992 859 4057 quae
883 3973 1056 4038 mittuntur
1074 3972 1271 4056 absentibus,
1292 3972 1419 4037 utalibi

294 4098 397 4162 telum
432 4098 562 4178 missile,
598 4097 719 4162 ferrum
751 4099 874 4165 missile
904 4106 963 4164 eto.
996 4098 1098 4165 Oredo
1121 4100 1223 4185 igitur
1246 4099 1418 4186 legendum

296 4245 381 4291 esse:
418 4225 635 4292 ...lieentia
669 4224 909 4313 diripiendique
946 4247 1112 4314 pomorum
1149 4233 1181 4292 et
1215 4227 1417 4291 obsoniorum

296 4371 468 4436 rerumque
491 4351 675 4415 missilium.
