<?xml version="1.0" encoding="UTF-8"?>
<!DOCTYPE html PUBLIC "-//W3C//DTD XHTML 1.0 Transitional//EN"
    "http://www.w3.org/TR/xhtml1/DTD/xhtml1-transitional.dtd">
<html xmlns="http://www.w3.org/1999/xhtml" xml:lang="en" lang="en">
 <head>
  <title>
</title>
<meta http-equiv="Content-Type" content="text/html;charset=utf-8" />
  <meta name='ocr-system' content='tesseract 3.04.00' />
  <meta name='ocr-capabilities' content='ocr_page ocr_carea ocr_par ocr_line ocrx_word'/>
</head>
<body>
  <div class='ocr_page' id='page_1' title='image "./annotationescri01veldgoog_0039.png"; bbox 0 0 3259 5275; ppageno 0'>
   <div class='ocr_carea' id='block_1_1' title="bbox 711 578 750 643">
    <p class='ocr_par' dir='ltr' id='par_1_1' title="bbox 711 578 750 643">
     <span class='ocr_line' id='line_1_1' title="bbox 711 578 750 643; baseline 0.051 -2"><span class='ocrx_word' id='word_1_1' title='bbox 711 578 750 643; x_wconf 84' lang='lat'><strong>31</strong></span> 
     </span>
    </p>
   </div>
   <div class='ocr_carea' id='block_1_2' title="bbox 154 788 1299 2623">
    <p class='ocr_par' dir='ltr' id='par_1_2' title="bbox 162 788 1299 1107">
     <span class='ocr_line' id='line_1_2' title="bbox 162 788 1299 876; baseline 0.002 -22"><span class='ocrx_word' id='word_1_2' title='bbox 162 810 242 854; x_wconf 89' lang='lat' dir='ltr'><strong>eum</strong></span> <span class='ocrx_word' id='word_1_3' title='bbox 269 828 301 837; x_wconf 93' lang='lat'>—</span> <span class='ocrx_word' id='word_1_4' title='bbox 329 797 455 876; x_wconf 86' lang='lat' dir='ltr'><strong>praeter</strong></span> <span class='ocrx_word' id='word_1_5' title='bbox 484 812 528 872; x_wconf 87' lang='lat' dir='ltr'><strong>se,</strong></span> <span class='ocrx_word' id='word_1_6' title='bbox 556 790 674 876; x_wconf 84' lang='lat' dir='ltr'><strong>ipsum,</strong></span> <span class='ocrx_word' id='word_1_7' title='bbox 698 788 868 856; x_wconf 77' lang='lat' dir='ltr'><strong>Caesarem</strong></span> <span class='ocrx_word' id='word_1_8' title='bbox 888 831 936 875; x_wconf 89' lang='lat'><strong>—‚</strong></span> <span class='ocrx_word' id='word_1_9' title='bbox 961 792 982 859; x_wconf 88' lang='lat' dir='ltr'><strong>i.</strong></span> <span class='ocrx_word' id='word_1_10' title='bbox 996 814 1023 857; x_wconf 92' lang='lat' dir='ltr'><strong>e.</strong></span> <span class='ocrx_word' id='word_1_11' title='bbox 1048 791 1237 858; x_wconf 87' lang='lat' dir='ltr'><strong>effecturum</strong></span> <span class='ocrx_word' id='word_1_12' title='bbox 1262 799 1299 857; x_wconf 90' lang='lat' dir='ltr'><strong>ut</strong></span> 
     </span>
     <span class='ocr_line' id='line_1_3' title="bbox 162 916 1293 1003; baseline 0.005 -26"><span class='ocrx_word' id='word_1_13' title='bbox 162 916 197 977; x_wconf 92' lang='lat' dir='ltr'><strong>in</strong></span> <span class='ocrx_word' id='word_1_14' title='bbox 233 923 397 1001; x_wconf 89' lang='lat' dir='ltr'><strong>posterum</strong></span> <span class='ocrx_word' id='word_1_15' title='bbox 433 916 516 979; x_wconf 88' lang='lat' dir='ltr'><strong>nihil</strong></span> <span class='ocrx_word' id='word_1_16' title='bbox 550 916 690 1003; x_wconf 88' lang='lat' dir='ltr'><strong>emplius</strong></span> <span class='ocrx_word' id='word_1_17' title='bbox 723 917 935 1003; x_wconf 77' lang='lat' dir='ltr'><strong>respondeant</strong></span> <span class='ocrx_word' id='word_1_18' title='bbox 964 939 1081 1003; x_wconf 88' lang='lat' dir='ltr'><strong>quam:</strong></span> <span class='ocrx_word' id='word_1_19' title='bbox 1105 919 1152 983; x_wconf 88' lang='lat' dir='ltr'><strong>sio</strong></span> <span class='ocrx_word' id='word_1_20' title='bbox 1175 917 1293 984; x_wconf 78' lang='lat' dir='ltr'><strong>Caesar</strong></span> 
     </span>
     <span class='ocr_line' id='line_1_4' title="bbox 163 1042 359 1107; baseline -0.005 0"><span class='ocrx_word' id='word_1_21' title='bbox 163 1042 280 1107; x_wconf 80' lang='lat' dir='ltr'><strong>voluit.</strong></span> <span class='ocrx_word' id='word_1_22' title='bbox 354 1060 359 1068; x_wconf 90' lang='lat'>·</span> 
     </span>
    </p>

    <p class='ocr_par' dir='ltr' id='par_1_3' title="bbox 154 1167 1298 2012">
     <span class='ocr_line' id='line_1_5' title="bbox 208 1167 1296 1261; baseline 0.007 -30"><span class='ocrx_word' id='word_1_23' title='bbox 208 1167 322 1233; x_wconf 91' lang='lat' dir='ltr'><strong>Primo</strong></span> <span class='ocrx_word' id='word_1_24' title='bbox 350 1169 592 1253; x_wconf 88' lang='lat' dir='ltr'><strong>advertendum,</strong></span> <span class='ocrx_word' id='word_1_25' title='bbox 617 1172 645 1235; x_wconf 92' lang='lat' dir='ltr'><strong>si</strong></span> <span class='ocrx_word' id='word_1_26' title='bbox 668 1193 781 1237; x_wconf 89' lang='lat' dir='ltr'><strong>sensus</strong></span> <span class='ocrx_word' id='word_1_27' title='bbox 805 1170 859 1237; x_wconf 88' lang='lat' dir='ltr'><strong>hic</strong></span> <span class='ocrx_word' id='word_1_28' title='bbox 882 1172 1080 1255; x_wconf 70' lang='lat' dir='ltr'>admittatur,</span> <span class='ocrx_word' id='word_1_29' title='bbox 1105 1173 1197 1239; x_wconf 82' lang='lat' dir='ltr'><strong>valde</strong></span> <span class='ocrx_word' id='word_1_30' title='bbox 1223 1196 1296 1261; x_wconf 91' lang='lat' dir='ltr'><strong>pro-</strong></span> 
     </span>
     <span class='ocr_line' id='line_1_6' title="bbox 161 1293 1298 1384; baseline 0.008 -29"><span class='ocrx_word' id='word_1_31' title='bbox 161 1293 235 1356; x_wconf 86' lang='lat' dir='ltr'><strong>bari</strong></span> <span class='ocrx_word' id='word_1_32' title='bbox 270 1293 437 1380; x_wconf 85' lang='lat' dir='ltr'><strong>Rutgersii</strong></span> <span class='ocrx_word' id='word_1_33' title='bbox 472 1297 686 1381; x_wconf 87' lang='lat' dir='ltr'><strong>conjecturam</strong></span> <span class='ocrx_word' id='word_1_34' title='bbox 728 1318 788 1377; x_wconf 80' lang='lat' dir='ltr'><strong>„ne</strong></span> <span class='ocrx_word' id='word_1_35' title='bbox 818 1298 898 1382; x_wconf 90' lang='lat' dir='ltr'><strong>qui&#39;&#39;</strong></span> <span class='ocrx_word' id='word_1_36' title='bbox 922 1319 979 1384; x_wconf 96' lang='lat' dir='ltr'><strong>pro</strong></span> <span class='ocrx_word' id='word_1_37' title='bbox 1006 1320 1065 1379; x_wconf 80' lang='lat' dir='ltr'><strong>„ne</strong></span> <span class='ocrx_word' id='word_1_38' title='bbox 1086 1299 1198 1383; x_wconf 81' lang='lat' dir='ltr'><strong>quid’.</strong></span> <span class='ocrx_word' id='word_1_39' title='bbox 1225 1299 1298 1374; x_wconf 82' lang='lat' dir='ltr'><strong>Qua</strong></span> 
     </span>
     <span class='ocr_line' id='line_1_7' title="bbox 160 1420 1294 1491; baseline 0.005 -7"><span class='ocrx_word' id='word_1_40' title='bbox 160 1420 385 1485; x_wconf 82' lang='lat' dir='ltr'><strong>emendatione</strong></span> <span class='ocrx_word' id='word_1_41' title='bbox 418 1423 576 1487; x_wconf 86' lang='lat' dir='ltr'><strong>sententia</strong></span> <span class='ocrx_word' id='word_1_42' title='bbox 610 1424 711 1488; x_wconf 90' lang='lat' dir='ltr'><strong>multo</strong></span> <span class='ocrx_word' id='word_1_43' title='bbox 746 1430 831 1489; x_wconf 88' lang='lat' dir='ltr'><strong>certe</strong></span> <span class='ocrx_word' id='word_1_44' title='bbox 865 1423 1003 1489; x_wconf 80' lang='lat' dir='ltr'><strong>lucidior</strong></span> <span class='ocrx_word' id='word_1_45' title='bbox 1038 1424 1121 1489; x_wconf 85' lang='lat' dir='ltr'><strong>laeta</strong></span> <span class='ocrx_word' id='word_1_46' title='bbox 1157 1432 1222 1489; x_wconf 88' lang='lat' dir='ltr'><strong>est:</strong></span> <span class='ocrx_word' id='word_1_47' title='bbox 1259 1448 1294 1491; x_wconf 87' lang='lat' dir='ltr'><strong>se</strong></span> 
     </span>
     <span class='ocr_line' id='line_1_8' title="bbox 159 1546 1293 1637; baseline 0.003 -25"><span class='ocrx_word' id='word_1_48' title='bbox 159 1546 353 1612; x_wconf 81' lang='lat' dir='ltr'><strong>effecturum</strong></span> <span class='ocrx_word' id='word_1_49' title='bbox 387 1570 428 1614; x_wconf 91' lang='lat' dir='ltr'><strong>ne</strong></span> <span class='ocrx_word' id='word_1_50' title='bbox 463 1549 523 1613; x_wconf 93' lang='lat' dir='ltr'><strong>ulli</strong></span> <span class='ocrx_word' id='word_1_51' title='bbox 555 1550 587 1613; x_wconf 94' lang='lat' dir='ltr'><strong>in</strong></span> <span class='ocrx_word' id='word_1_52' title='bbox 613 1556 775 1635; x_wconf 91' lang='lat' dir='ltr'><strong>posterum</strong></span> <span class='ocrx_word' id='word_1_53' title='bbox 800 1572 952 1636; x_wconf 86' lang='lat' dir='ltr'><strong>responsa</strong></span> <span class='ocrx_word' id='word_1_54' title='bbox 974 1550 1086 1615; x_wconf 84' lang='lat' dir='ltr'><strong>darent</strong></span> <span class='ocrx_word' id='word_1_55' title='bbox 1110 1558 1236 1637; x_wconf 87' lang='lat' dir='ltr'><strong>praeter</strong></span> <span class='ocrx_word' id='word_1_56' title='bbox 1258 1573 1293 1615; x_wconf 91' lang='lat' dir='ltr'><strong>se</strong></span> 
     </span>
     <span class='ocr_line' id='line_1_9' title="bbox 160 1672 1292 1762; baseline 0.002 -24"><span class='ocrx_word' id='word_1_57' title='bbox 160 1672 343 1758; x_wconf 78' lang='lat' dir='ltr'><strong>Gaesarem,</strong></span> <span class='ocrx_word' id='word_1_58' title='bbox 367 1697 401 1740; x_wconf 90' lang='lat' dir='ltr'><strong>se</strong></span> <span class='ocrx_word' id='word_1_59' title='bbox 424 1696 493 1741; x_wconf 89' lang='lat' dir='ltr'><strong>esse</strong></span> <span class='ocrx_word' id='word_1_60' title='bbox 516 1697 609 1741; x_wconf 91' lang='lat' dir='ltr'><strong>omne</strong></span> <span class='ocrx_word' id='word_1_61' title='bbox 628 1676 694 1762; x_wconf 90' lang='lat' dir='ltr'><strong>jus,</strong></span> <span class='ocrx_word' id='word_1_62' title='bbox 715 1676 766 1741; x_wconf 85' lang='lat' dir='ltr'><strong>vel</strong></span> <span class='ocrx_word' id='word_1_63' title='bbox 788 1674 1026 1741; x_wconf 86' lang='lat' dir='ltr'><strong>utRuhnkenii</strong></span> <span class='ocrx_word' id='word_1_64' title='bbox 1039 1674 1168 1740; x_wconf 84' lang='lat' dir='ltr'><strong>afferam</strong></span> <span class='ocrx_word' id='word_1_65' title='bbox 1183 1676 1292 1758; x_wconf 88' lang='lat' dir='ltr'><strong>verba,</strong></span> 
     </span>
     <span class='ocr_line' id='line_1_10' title="bbox 164 1799 1292 1887; baseline 0.003 -22"><span class='ocrx_word' id='word_1_66' title='bbox 164 1822 219 1881; x_wconf 81' lang='lat' dir='ltr'><strong>„ee</strong></span> <span class='ocrx_word' id='word_1_67' title='bbox 253 1800 453 1884; x_wconf 86' lang='lat' dir='ltr'><strong>effecturum,</strong></span> <span class='ocrx_word' id='word_1_68' title='bbox 489 1807 525 1866; x_wconf 92' lang='lat' dir='ltr'><strong>ut</strong></span> <span class='ocrx_word' id='word_1_69' title='bbox 560 1822 618 1865; x_wconf 86' lang='lat' dir='ltr'><strong>sua</strong></span> <span class='ocrx_word' id='word_1_70' title='bbox 654 1822 816 1887; x_wconf 83' lang='lat' dir='ltr'><strong>responsa,</strong></span> <span class='ocrx_word' id='word_1_71' title='bbox 847 1822 910 1866; x_wconf 93' lang='lat' dir='ltr'><strong>non</strong></span> <span class='ocrx_word' id='word_1_72' title='bbox 933 1799 1092 1884; x_wconf 80' lang='lat' dir='ltr'><strong>IOtoram,</strong></span> <span class='ocrx_word' id='word_1_73' title='bbox 1117 1802 1182 1865; x_wconf 89' lang='lat' dir='ltr'><strong>sint</strong></span> <span class='ocrx_word' id='word_1_74' title='bbox 1206 1810 1292 1867; x_wconf 88' lang='lat' dir='ltr'><strong>certa</strong></span> 
     </span>
     <span class='ocr_line' id='line_1_11' title="bbox 154 1926 411 2012; baseline 0 -22"><span class='ocrx_word' id='word_1_75' title='bbox 154 1926 243 2012; x_wconf 90' lang='lat' dir='ltr'><strong>juris</strong></span> <span class='ocrx_word' id='word_1_76' title='bbox 268 1926 411 2012; x_wconf 86' lang='lat' dir='ltr'><strong>regula”.</strong></span> 
     </span>
    </p>

    <p class='ocr_par' dir='ltr' id='par_1_4' title="bbox 155 2050 1290 2623">
     <span class='ocr_line' id='line_1_12' title="bbox 209 2050 1287 2138; baseline 0.003 -24"><span class='ocrx_word' id='word_1_77' title='bbox 209 2050 315 2117; x_wconf 86' lang='lat' dir='ltr'><strong>Verba</strong></span> <span class='ocrx_word' id='word_1_78' title='bbox 336 2058 444 2118; x_wconf 87' lang='lat' dir='ltr'><strong>autem</strong></span> <span class='ocrx_word' id='word_1_79' title='bbox 473 2060 617 2138; x_wconf 84' lang='lat' dir='ltr'><strong>„praeter</strong></span> <span class='ocrx_word' id='word_1_80' title='bbox 635 2052 732 2117; x_wconf 87' lang='lat' dir='ltr'><strong>eum’&#39;</strong></span> <span class='ocrx_word' id='word_1_81' title='bbox 756 2050 992 2134; x_wconf 87' lang='lat' dir='ltr'><strong>aBurmanno,</strong></span> <span class='ocrx_word' id='word_1_82' title='bbox 1006 2051 1146 2117; x_wconf 81' lang='lat' dir='ltr'><strong>Grutero</strong></span> <span class='ocrx_word' id='word_1_83' title='bbox 1158 2053 1287 2137; x_wconf 79' lang='lat' dir='ltr'><strong>statiis,</strong></span> 
     </span>
     <span class='ocr_line' id='line_1_13' title="bbox 159 2177 1289 2266; baseline 0.001 -23"><span class='ocrx_word' id='word_1_84' title='bbox 159 2185 270 2265; x_wconf 88' lang='lat' dir='ltr'><strong>postea</strong></span> <span class='ocrx_word' id='word_1_85' title='bbox 300 2200 319 2243; x_wconf 88' lang='lat' dir='ltr'><strong>a</strong></span> <span class='ocrx_word' id='word_1_86' title='bbox 350 2178 500 2261; x_wconf 82' lang='lat' dir='ltr'><strong>Graevio,</strong></span> <span class='ocrx_word' id='word_1_87' title='bbox 526 2179 752 2266; x_wconf 90' lang='lat' dir='ltr'><strong>Oudendorpio</strong></span> <span class='ocrx_word' id='word_1_88' title='bbox 775 2186 807 2243; x_wconf 92' lang='lat' dir='ltr'><strong>et</strong></span> <span class='ocrx_word' id='word_1_89' title='bbox 830 2177 993 2244; x_wconf 82' lang='lat' dir='ltr'><strong>Gronovio</strong></span> <span class='ocrx_word' id='word_1_90' title='bbox 1016 2179 1196 2262; x_wconf 85' lang='lat' dir='ltr'><strong>sollicitata,</strong></span> <span class='ocrx_word' id='word_1_91' title='bbox 1220 2187 1289 2244; x_wconf 85' lang='lat' dir='ltr'><strong>ten-</strong></span> 
     </span>
     <span class='ocr_line' id='line_1_14' title="bbox 158 2303 1287 2392; baseline 0.003 -25"><span class='ocrx_word' id='word_1_92' title='bbox 158 2304 234 2369; x_wconf 88' lang='lat' dir='ltr'><strong>dem</strong></span> <span class='ocrx_word' id='word_1_93' title='bbox 257 2305 346 2369; x_wconf 88' lang='lat' dir='ltr'><strong>velut</strong></span> <span class='ocrx_word' id='word_1_94' title='bbox 369 2306 532 2370; x_wconf 90' lang='lat' dir='ltr'><strong>immerito</strong></span> <span class='ocrx_word' id='word_1_95' title='bbox 555 2312 712 2392; x_wconf 89' lang='lat' dir='ltr'><strong>suspecta,</strong></span> <span class='ocrx_word' id='word_1_96' title='bbox 736 2304 822 2391; x_wconf 88' lang='lat' dir='ltr'><strong>apud</strong></span> <span class='ocrx_word' id='word_1_97' title='bbox 848 2303 1006 2369; x_wconf 91' lang='lat' dir='ltr'><strong>Rothium</strong></span> <span class='ocrx_word' id='word_1_98' title='bbox 1031 2305 1179 2369; x_wconf 89' lang='lat' dir='ltr'><strong>restituta</strong></span> <span class='ocrx_word' id='word_1_99' title='bbox 1202 2314 1287 2370; x_wconf 89' lang='lat' dir='ltr'><strong>sunt.</strong></span> 
     </span>
     <span class='ocr_line' id='line_1_15' title="bbox 158 2429 1290 2518; baseline 0.001 -24"><span class='ocrx_word' id='word_1_100' title='bbox 158 2429 340 2496; x_wconf 79' lang='lat' dir='ltr'><strong>Clementia</strong></span> <span class='ocrx_word' id='word_1_101' title='bbox 375 2438 482 2497; x_wconf 89' lang='lat' dir='ltr'><strong>tamen</strong></span> <span class='ocrx_word' id='word_1_102' title='bbox 518 2452 599 2518; x_wconf 91' lang='lat' dir='ltr'><strong>opus</strong></span> <span class='ocrx_word' id='word_1_103' title='bbox 634 2438 683 2496; x_wconf 90' lang='lat' dir='ltr'><strong>est</strong></span> <span class='ocrx_word' id='word_1_104' title='bbox 716 2430 755 2495; x_wconf 87' lang='lat' dir='ltr'><strong>ad</strong></span> <span class='ocrx_word' id='word_1_105' title='bbox 787 2450 826 2495; x_wconf 90' lang='lat' dir='ltr'><strong>ea</strong></span> <span class='ocrx_word' id='word_1_106' title='bbox 855 2431 945 2495; x_wconf 82' lang='lat' dir='ltr'><strong>velut</strong></span> <span class='ocrx_word' id='word_1_107' title='bbox 968 2430 1098 2495; x_wconf 90' lang='lat' dir='ltr'><strong>omnino</strong></span> <span class='ocrx_word' id='word_1_108' title='bbox 1120 2433 1290 2518; x_wconf 88' lang='lat' dir='ltr'><strong>perspicua</strong></span> 
     </span>
     <span class='ocr_line' id='line_1_16' title="bbox 155 2555 818 2623; baseline -0.003 -2"><span class='ocrx_word' id='word_1_109' title='bbox 155 2558 229 2622; x_wconf 92' lang='lat' dir='ltr'><strong>sine</strong></span> <span class='ocrx_word' id='word_1_110' title='bbox 252 2557 318 2621; x_wconf 90' lang='lat' dir='ltr'><strong>ulla</strong></span> <span class='ocrx_word' id='word_1_111' title='bbox 341 2557 541 2623; x_wconf 88' lang='lat' dir='ltr'><strong>dubitatione</strong></span> <span class='ocrx_word' id='word_1_112' title='bbox 563 2555 818 2621; x_wconf 82' lang='lat' dir='ltr'><strong>transmittenda.</strong></span> 
     </span>
    </p>
   </div>
   <div class='ocr_carea' id='block_1_3' title="bbox 203 2670 1289 2772">
    <p class='ocr_par' dir='ltr' id='par_1_5' title="bbox 203 2670 1289 2772">
     <span class='ocr_line' id='line_1_17' title="bbox 203 2670 1289 2772; baseline 0 -24"><span class='ocrx_word' id='word_1_113' title='bbox 203 2684 417 2772; x_wconf 89' lang='lat' dir='ltr'><strong>Perspicuum</strong></span> <span class='ocrx_word' id='word_1_114' title='bbox 441 2685 528 2748; x_wconf 90' lang='lat' dir='ltr'><strong>enim</strong></span> <span class='ocrx_word' id='word_1_115' title='bbox 554 2691 603 2749; x_wconf 89' lang='lat' dir='ltr'><strong>est</strong></span> <span class='ocrx_word' id='word_1_116' title='bbox 625 2704 682 2769; x_wconf 92' lang='lat' dir='ltr'><strong>pro</strong></span> <span class='ocrx_word' id='word_1_117' title='bbox 710 2682 826 2764; x_wconf 82' lang='lat' dir='ltr'><strong>„eum”</strong></span> <span class='ocrx_word' id='word_1_118' title='bbox 850 2680 936 2768; x_wconf 91' lang='lat' dir='ltr'><strong>quod</strong></span> <span class='ocrx_word' id='word_1_119' title='bbox 958 2670 1289 2748; x_wconf 74' lang='lat' dir='ltr'><strong>adllaesoremreler·</strong></span> 
     </span>
    </p>
   </div>
   <div class='ocr_carea' id='block_1_4' title="bbox 148 2807 1286 4284">
    <p class='ocr_par' dir='ltr' id='par_1_6' title="bbox 149 2807 1286 3909">
     <span class='ocr_line' id='line_1_18' title="bbox 154 2807 1283 2896; baseline -0.002 -20"><span class='ocrx_word' id='word_1_120' title='bbox 154 2819 220 2896; x_wconf 89' lang='lat' dir='ltr'><strong>tur,</strong></span> <span class='ocrx_word' id='word_1_121' title='bbox 256 2833 325 2878; x_wconf 91' lang='lat' dir='ltr'><strong>esse</strong></span> <span class='ocrx_word' id='word_1_122' title='bbox 358 2811 529 2896; x_wconf 84' lang='lat' dir='ltr'><strong>legendum</strong></span> <span class='ocrx_word' id='word_1_123' title='bbox 566 2812 650 2891; x_wconf 81' lang='lat' dir='ltr'><strong>„se”.</strong></span> <span class='ocrx_word' id='word_1_124' title='bbox 684 2808 878 2895; x_wconf 80' lang='lat' dir='ltr'><strong>Rutgersius</strong></span> <span class='ocrx_word' id='word_1_125' title='bbox 903 2807 974 2873; x_wconf 90' lang='lat' dir='ltr'><strong>ideo</strong></span> <span class='ocrx_word' id='word_1_126' title='bbox 998 2809 1082 2873; x_wconf 92' lang='lat' dir='ltr'><strong>inter</strong></span> <span class='ocrx_word' id='word_1_127' title='bbox 1104 2808 1169 2872; x_wconf 86' lang='lat' dir='ltr'><strong>alia</strong></span> <span class='ocrx_word' id='word_1_128' title='bbox 1191 2830 1283 2875; x_wconf 87' lang='lat' dir='ltr'><strong>oona-</strong></span> 
     </span>
     <span class='ocr_line' id='line_1_19' title="bbox 153 2933 1286 3023; baseline -0.004 -20"><span class='ocrx_word' id='word_1_129' title='bbox 153 2940 246 3003; x_wconf 88' lang='lat' dir='ltr'><strong>mina</strong></span> <span class='ocrx_word' id='word_1_130' title='bbox 267 2941 366 3005; x_wconf 88' lang='lat' dir='ltr'><strong>etiam</strong></span> <span class='ocrx_word' id='word_1_131' title='bbox 389 2937 449 3003; x_wconf 89' lang='lat' dir='ltr'><strong>hoc</strong></span> <span class='ocrx_word' id='word_1_132' title='bbox 472 2936 637 3023; x_wconf 80' lang='lat' dir='ltr'><strong>proposuit</strong></span> <span class='ocrx_word' id='word_1_133' title='bbox 662 2957 722 3016; x_wconf 80' lang='lat' dir='ltr'><strong>„ne</strong></span> <span class='ocrx_word' id='word_1_134' title='bbox 741 2935 799 3022; x_wconf 92' lang='lat' dir='ltr'><strong>qui</strong></span> <span class='ocrx_word' id='word_1_135' title='bbox 818 2933 1008 3020; x_wconf 89' lang='lat' dir='ltr'><strong>respondere</strong></span> <span class='ocrx_word' id='word_1_136' title='bbox 1026 2934 1149 3019; x_wconf 82' lang='lat' dir='ltr'><strong>possint</strong></span> <span class='ocrx_word' id='word_1_137' title='bbox 1161 2942 1286 3020; x_wconf 83' lang='lat' dir='ltr'><strong>praeter</strong></span> 
     </span>
     <span class='ocr_line' id='line_1_20' title="bbox 151 3060 1283 3147; baseline -0.005 -17"><span class='ocrx_word' id='word_1_138' title='bbox 151 3066 221 3131; x_wconf 90' lang='lat' dir='ltr'><strong>se”.</strong></span> <span class='ocrx_word' id='word_1_139' title='bbox 254 3064 358 3140; x_wconf 85' lang='lat' dir='ltr'><strong>Quam</strong></span> <span class='ocrx_word' id='word_1_140' title='bbox 389 3064 568 3146; x_wconf 87' lang='lat' dir='ltr'><strong>lectionem,</strong></span> <span class='ocrx_word' id='word_1_141' title='bbox 593 3063 621 3126; x_wconf 93' lang='lat' dir='ltr'><strong>si</strong></span> <span class='ocrx_word' id='word_1_142' title='bbox 644 3063 783 3147; x_wconf 89' lang='lat' dir='ltr'><strong>alicujus</strong></span> <span class='ocrx_word' id='word_1_143' title='bbox 805 3060 882 3125; x_wconf 91' lang='lat' dir='ltr'><strong>libri</strong></span> <span class='ocrx_word' id='word_1_144' title='bbox 906 3060 1093 3124; x_wconf 87' lang='lat' dir='ltr'><strong>auctoritate</strong></span> <span class='ocrx_word' id='word_1_145' title='bbox 1117 3060 1283 3144; x_wconf 89' lang='lat' dir='ltr'><strong>niteretur,</strong></span> 
     </span>
     <span class='ocr_line' id='line_1_21' title="bbox 151 3183 1285 3277; baseline -0.006 -22"><span class='ocrx_word' id='word_1_146' title='bbox 151 3213 249 3256; x_wconf 92' lang='lat' dir='ltr'><strong>nemo</strong></span> <span class='ocrx_word' id='word_1_147' title='bbox 291 3191 432 3277; x_wconf 89' lang='lat' dir='ltr'><strong>profecto</strong></span> <span class='ocrx_word' id='word_1_148' title='bbox 465 3188 635 3254; x_wconf 86' lang='lat' dir='ltr'><strong>admittere</strong></span> <span class='ocrx_word' id='word_1_149' title='bbox 669 3185 841 3252; x_wconf 88' lang='lat' dir='ltr'><strong>dubitaret.</strong></span> <span class='ocrx_word' id='word_1_150' title='bbox 878 3183 974 3249; x_wconf 87' lang='lat' dir='ltr'><strong>Nunc</strong></span> <span class='ocrx_word' id='word_1_151' title='bbox 1009 3185 1043 3246; x_wconf 91' lang='lat' dir='ltr'><strong>in</strong></span> <span class='ocrx_word' id='word_1_152' title='bbox 1078 3184 1142 3248; x_wconf 86' lang='lat' dir='ltr'><strong>alia</strong></span> <span class='ocrx_word' id='word_1_153' title='bbox 1177 3186 1285 3249; x_wconf 86' lang='lat' dir='ltr'><strong>omnia</strong></span> 
     </span>
     <span class='ocr_line' id='line_1_22' title="bbox 150 3311 1281 3406; baseline -0.007 -24"><span class='ocrx_word' id='word_1_154' title='bbox 150 3317 259 3382; x_wconf 88' lang='lat' dir='ltr'><strong>critici</strong></span> <span class='ocrx_word' id='word_1_155' title='bbox 281 3317 440 3396; x_wconf 82' lang='lat' dir='ltr'><strong>abierunt,</strong></span> <span class='ocrx_word' id='word_1_156' title='bbox 466 3337 523 3402; x_wconf 95' lang='lat' dir='ltr'><strong>pro</strong></span> <span class='ocrx_word' id='word_1_157' title='bbox 545 3314 661 3396; x_wconf 79' lang='lat' dir='ltr'><strong>„eum”</strong></span> <span class='ocrx_word' id='word_1_158' title='bbox 681 3312 851 3378; x_wconf 88' lang='lat' dir='ltr'><strong>afferentes</strong></span> <span class='ocrx_word' id='word_1_159' title='bbox 866 3312 1046 3398; x_wconf 84' lang='lat' dir='ltr'><strong>„aequum”</strong></span> <span class='ocrx_word' id='word_1_160' title='bbox 1060 3312 1113 3376; x_wconf 88' lang='lat' dir='ltr'><strong>vel</strong></span> <span class='ocrx_word' id='word_1_161' title='bbox 1128 3311 1281 3406; x_wconf 59' lang='lat' dir='ltr'><strong>„verumf&#39;</strong></span> 
     </span>
     <span class='ocr_line' id='line_1_23' title="bbox 150 3437 1283 3528; baseline -0.007 -18"><span class='ocrx_word' id='word_1_162' title='bbox 150 3445 205 3510; x_wconf 82' lang='lat' dir='ltr'><strong>vel</strong></span> <span class='ocrx_word' id='word_1_163' title='bbox 228 3442 318 3507; x_wconf 89' lang='lat' dir='ltr'><strong>aliud</strong></span> <span class='ocrx_word' id='word_1_164' title='bbox 342 3442 430 3528; x_wconf 90' lang='lat' dir='ltr'><strong>quid.</strong></span> <span class='ocrx_word' id='word_1_165' title='bbox 454 3441 545 3507; x_wconf 87' lang='lat' dir='ltr'><strong>Inter</strong></span> <span class='ocrx_word' id='word_1_166' title='bbox 566 3461 650 3527; x_wconf 89' lang='lat' dir='ltr'><strong>quae</strong></span> <span class='ocrx_word' id='word_1_167' title='bbox 673 3440 712 3504; x_wconf 86' lang='lat' dir='ltr'><strong>ad</strong></span> <span class='ocrx_word' id='word_1_168' title='bbox 737 3439 836 3506; x_wconf 85' lang='lat' dir='ltr'><strong>verba</strong></span> <span class='ocrx_word' id='word_1_169' title='bbox 855 3438 971 3502; x_wconf 88' lang='lat' dir='ltr'><strong>tradita</strong></span> <span class='ocrx_word' id='word_1_170' title='bbox 991 3439 1139 3525; x_wconf 90' lang='lat' dir='ltr'><strong>proxime</strong></span> <span class='ocrx_word' id='word_1_171' title='bbox 1160 3437 1283 3503; x_wconf 91' lang='lat' dir='ltr'><strong>accedit</strong></span> 
     </span>
     <span class='ocr_line' id='line_1_24' title="bbox 149 3563 1280 3658; baseline -0.006 -23"><span class='ocrx_word' id='word_1_172' title='bbox 149 3570 238 3658; x_wconf 94' lang='lat' dir='ltr'><strong>quod</strong></span> <span class='ocrx_word' id='word_1_173' title='bbox 273 3569 357 3634; x_wconf 89' lang='lat' dir='ltr'><strong>idem</strong></span> <span class='ocrx_word' id='word_1_174' title='bbox 389 3568 583 3654; x_wconf 86' lang='lat' dir='ltr'><strong>Rutgersius</strong></span> <span class='ocrx_word' id='word_1_175' title='bbox 606 3566 766 3631; x_wconf 86' lang='lat' dir='ltr'><strong>defendit:</strong></span> <span class='ocrx_word' id='word_1_176' title='bbox 794 3570 940 3650; x_wconf 84' lang='lat' dir='ltr'><strong>„praeter</strong></span> <span class='ocrx_word' id='word_1_177' title='bbox 964 3567 1089 3629; x_wconf 90' lang='lat' dir='ltr'><strong>reum&#39;&#39;.</strong></span> <span class='ocrx_word' id='word_1_178' title='bbox 1113 3563 1152 3628; x_wconf 95' lang='lat' dir='ltr'><strong>In</strong></span> <span class='ocrx_word' id='word_1_179' title='bbox 1176 3572 1280 3651; x_wconf 90' lang='lat' dir='ltr'><strong>poste-</strong></span> 
     </span>
     <span class='ocr_line' id='line_1_25' title="bbox 150 3687 1280 3777; baseline -0.009 -16"><span class='ocrx_word' id='word_1_180' title='bbox 150 3718 226 3762; x_wconf 90' lang='lat' dir='ltr'><strong>rum</strong></span> <span class='ocrx_word' id='word_1_181' title='bbox 258 3694 518 3761; x_wconf 79' lang='lat' dir='ltr'><strong>cavillationibus</strong></span> <span class='ocrx_word' id='word_1_182' title='bbox 548 3713 611 3757; x_wconf 92' lang='lat' dir='ltr'><strong>non</strong></span> <span class='ocrx_word' id='word_1_183' title='bbox 634 3691 774 3777; x_wconf 90' lang='lat' dir='ltr'><strong>amplius</strong></span> <span class='ocrx_word' id='word_1_184' title='bbox 799 3690 886 3754; x_wconf 92' lang='lat' dir='ltr'><strong>locus</strong></span> <span class='ocrx_word' id='word_1_185' title='bbox 911 3689 982 3753; x_wconf 88' lang='lat' dir='ltr'><strong>erit.</strong></span> <span class='ocrx_word' id='word_1_186' title='bbox 1007 3687 1069 3753; x_wconf 90' lang='lat' dir='ltr'><strong>Rei</strong></span> <span class='ocrx_word' id='word_1_187' title='bbox 1092 3694 1216 3752; x_wconf 81' lang='lat' dir='ltr'><strong>tantum</strong></span> <span class='ocrx_word' id='word_1_188' title='bbox 1241 3688 1280 3751; x_wconf 88' lang='lat' dir='ltr'><strong>ad</strong></span> 
     </span>
     <span class='ocr_line' id='line_1_26' title="bbox 149 3820 559 3909; baseline -0.017 -20"><span class='ocrx_word' id='word_1_189' title='bbox 149 3825 289 3889; x_wconf 88' lang='lat' dir='ltr'><strong>erimina</strong></span> <span class='ocrx_word' id='word_1_190' title='bbox 312 3820 559 3909; x_wconf 87' lang='lat' dir='ltr'><strong>respondebunt.</strong></span> 
     </span>
    </p>

    <p class='ocr_par' dir='ltr' id='par_1_7' title="bbox 148 3939 1280 4284">
     <span class='ocr_line' id='line_1_27' title="bbox 196 3939 1280 4034; baseline -0.007 -22"><span class='ocrx_word' id='word_1_191' title='bbox 196 3949 306 4014; x_wconf 90' lang='lat' dir='ltr'><strong>Donec</strong></span> <span class='ocrx_word' id='word_1_192' title='bbox 328 3949 431 4034; x_wconf 79' lang='lat' dir='ltr'><strong>igitur</strong></span> <span class='ocrx_word' id='word_1_193' title='bbox 453 3945 567 4010; x_wconf 91' lang='lat' dir='ltr'><strong>melior</strong></span> <span class='ocrx_word' id='word_1_194' title='bbox 589 3943 721 4008; x_wconf 82' lang='lat' dir='ltr'><strong>sortasse</strong></span> <span class='ocrx_word' id='word_1_195' title='bbox 744 3941 845 4006; x_wconf 83' lang='lat' dir='ltr'><strong>codex</strong></span> <span class='ocrx_word' id='word_1_196' title='bbox 870 3939 1059 4026; x_wconf 84' lang='lat' dir='ltr'><strong>reperiatur,</strong></span> <span class='ocrx_word' id='word_1_197' title='bbox 1083 3960 1146 4025; x_wconf 92' lang='lat' dir='ltr'><strong>quo</strong></span> <span class='ocrx_word' id='word_1_198' title='bbox 1167 3942 1280 4026; x_wconf 84' lang='lat' dir='ltr'><strong>genui-</strong></span> 
     </span>
     <span class='ocr_line' id='line_1_28' title="bbox 148 4064 1278 4150; baseline -0.007 -12"><span class='ocrx_word' id='word_1_199' title='bbox 148 4095 213 4139; x_wconf 85' lang='lat' dir='ltr'><strong>nus</strong></span> <span class='ocrx_word' id='word_1_200' title='bbox 248 4073 418 4138; x_wconf 85' lang='lat' dir='ltr'><strong>verborum</strong></span> <span class='ocrx_word' id='word_1_201' title='bbox 454 4078 565 4135; x_wconf 83' lang='lat' dir='ltr'><strong>textus</strong></span> <span class='ocrx_word' id='word_1_202' title='bbox 599 4068 669 4132; x_wconf 91' lang='lat' dir='ltr'><strong>siue</strong></span> <span class='ocrx_word' id='word_1_203' title='bbox 701 4066 767 4131; x_wconf 95' lang='lat' dir='ltr'><strong>ullo</strong></span> <span class='ocrx_word' id='word_1_204' title='bbox 797 4064 896 4129; x_wconf 92' lang='lat' dir='ltr'><strong>dubio</strong></span> <span class='ocrx_word' id='word_1_205' title='bbox 919 4065 1047 4128; x_wconf 90' lang='lat' dir='ltr'><strong>restitui</strong></span> <span class='ocrx_word' id='word_1_206' title='bbox 1073 4066 1181 4150; x_wconf 87' lang='lat' dir='ltr'><strong>possit,</strong></span> <span class='ocrx_word' id='word_1_207' title='bbox 1205 4086 1278 4130; x_wconf 89' lang='lat' dir='ltr'><strong>oum</strong></span> 
     </span>
     <span class='ocr_line' id='line_1_29' title="bbox 148 4189 1279 4284; baseline -0.008 -21"><span class='ocrx_word' id='word_1_208' title='bbox 148 4199 325 4284; x_wconf 84' lang='lat' dir='ltr'><strong>Rutgersio</strong></span> <span class='ocrx_word' id='word_1_209' title='bbox 355 4195 527 4283; x_wconf 86' lang='lat' dir='ltr'><strong>legendum</strong></span> <span class='ocrx_word' id='word_1_210' title='bbox 553 4214 681 4259; x_wconf 90' lang='lat' dir='ltr'><strong>eeuseo:</strong></span> <span class='ocrx_word' id='word_1_211' title='bbox 705 4214 739 4258; x_wconf 87' lang='lat' dir='ltr'><strong>ee</strong></span> <span class='ocrx_word' id='word_1_212' title='bbox 764 4190 946 4256; x_wconf 80' lang='lat' dir='ltr'><strong>mehercule</strong></span> <span class='ocrx_word' id='word_1_213' title='bbox 970 4189 1157 4255; x_wconf 86' lang='lat' dir='ltr'><strong>effecturum</strong></span> <span class='ocrx_word' id='word_1_214' title='bbox 1181 4192 1279 4278; x_wconf 92' lang='lat' dir='ltr'><strong>nequi</strong></span> 
     </span>
    </p>
   </div>
   <div class='ocr_carea' id='block_1_5' title="bbox 149 4324 763 4412">
    <p class='ocr_par' dir='ltr' id='par_1_8' title="bbox 149 4324 763 4412">
     <span class='ocr_line' id='line_1_30' title="bbox 149 4324 763 4412; baseline -0.015 -21"><span class='ocrx_word' id='word_1_215' title='bbox 149 4324 342 4412; x_wconf 90' lang='lat' dir='ltr'><strong>respondere</strong></span> <span class='ocrx_word' id='word_1_216' title='bbox 366 4324 490 4410; x_wconf 89' lang='lat' dir='ltr'><strong>possint</strong></span> <span class='ocrx_word' id='word_1_217' title='bbox 513 4328 639 4408; x_wconf 90' lang='lat' dir='ltr'><strong>praeter</strong></span> <span class='ocrx_word' id='word_1_218' title='bbox 662 4340 763 4384; x_wconf 89' lang='lat' dir='ltr'><strong>reum.</strong></span> 
     </span>
    </p>
   </div>
   <div class='ocr_carea' id='block_1_6' title="bbox 0 0 1634 5275">
    <p class='ocr_par' dir='ltr' id='par_1_9' title="bbox 0 0 1634 5275">
     <span class='ocr_line' id='line_1_31' title="bbox 0 0 1634 5275; baseline 0 6"><span class='ocrx_word' id='word_1_219' title='bbox 0 0 1634 5275; x_wconf 95' lang='lat' dir='ltr'><strong> </strong></span> 
     </span>
    </p>
   </div>
  </div>
 </body>
</html>
