3259 5275
767 615 810 680 25

230 824 343 906 „hoste
376 829 484 893 tuno”.
521 825 656 914 Sejanus
690 834 767 893 tuno
798 834 866 893 eret
889 834 1055 913 suspectus
1079 825 1190 909 hostis,
1215 824 1354 889 nondum

226 951 394 1015 eonviotus
420 952 470 1016 vel
493 951 730 1019 condemnatus.

413 1237 446 1303 0.
474 1237 524 1303 19.
553 1238 638 1301 Nam
661 1238 823 1322 Bajarum
845 1237 982 1300 medium
1004 1236 1206 1301 intervallum
1228 1237 1272 1300 od
1293 1236 1355 1301 Po

451 1364 592 1429 teolonas
619 1365 720 1449 moles,
743 1364 840 1427 trium
863 1364 983 1427 milium
1008 1369 1037 1426 et
1059 1369 1268 1427 serenorum
1290 1363 1356 1447 fere

448 1510 604 1573 passuum
626 1490 773 1572 spatium,
794 1494 887 1569 ponte
909 1488 1079 1567 conjunxit.

274 1711 344 1777 Hoo
378 1714 412 1776 in
447 1712 660 1800 descriptione
688 1718 837 1799 opertum
867 1712 971 1776 inesse
1004 1711 1122 1777 vitium
1142 1712 1211 1797 jorn
1235 1712 1355 1777 vetusti

224 1837 363 1903 editores
397 1838 557 1905 viderunt.
594 1837 681 1912 Quid
716 1838 802 1903 enim
826 1838 987 1923 signifieat
1014 1836 1187 1924 „Bojorum
1211 1837 1353 1902 medium

141 2036 146 2045 ,
224 1964 434 2028 intervallum
469 1964 509 2028 od
543 1962 736 2028 Puteolanos
768 1964 913 2029 molesP''
938 1962 983 2049 Si,
1008 1964 1094 2050 quod
1119 1963 1215 2050 vulgo
1238 1964 1353 2028 intelli·

224 2096 318 2174 gunt,
342 2091 482 2177 spatium
506 2111 526 2154 o
548 2088 639 2177 Bajis
662 2112 765 2177 usque
788 2089 827 2153 od
853 2088 1014 2172 Puteolos,
1038 2089 1101 2154 duo
1125 2088 1267 2153 obstant:

273 2212 393 2294 Primo,
436 2215 643 2280 intervallum
687 2215 771 2302 quod
807 2222 855 2280 est
890 2213 983 2298 Bajas
1017 2215 1100 2280 inter
1135 2221 1168 2280 et
1202 2213 1353 2280 Puteolos

225 2340 330 2405 multo
363 2341 491 2428 longius
527 2348 575 2406 est
603 2362 700 2428 quam
731 2342 832 2406 trium
856 2340 984 2405 milium
1008 2362 1172 2427 possuum.
1197 2339 1353 2424 Secundo,

224 2466 379 2532 inusitate
411 2467 471 2532 hoo
501 2475 550 2532 est
572 2468 711 2533 dietum:
735 2466 889 2555 Bojorum
915 2468 1058 2532 modium
1082 2468 1288 2534 intervallum
1311 2468 1352 2532 od

224 2592 418 2661 Puteolanos
450 2594 548 2661 moles
572 2617 646 2683 pro:
671 2594 813 2662 modium
838 2596 1044 2662 intervallum
1068 2618 1087 2662 a
1110 2595 1200 2685 stis
1223 2597 1263 2662 od
1287 2596 1353 2663 Pu-

223 2722 367 2788 teolanas
389 2722 500 2790 moles.

272 2848 440 2914 Aooedunt
462 2850 666 2914 auotoritotes
689 2848 826 2914 aliorum
846 2851 1049 2936 scriptorum.
1062 2849 1229 2937 Imprimis
1241 2858 1350 2917 autem

226 2975 308 3040 ratio
341 2974 489 3040 habendo
522 2982 571 3040 est
603 2975 718 3040 Dionis
754 2973 869 3060 Cassii,
904 2977 963 3063 qui
994 2975 1033 3043 L.
1066 2979 1107 3040 59
1140 2975 1166 3040 Ο
1201 2978 1239 3039 17
1264 2977 1350 3043 idem

223 3101 344 3166 factum
375 3107 492 3184 namt,
525 3123 666 3188 eumque
698 3123 735 3167 eo
757 3103 856 3168 ceteri
878 3101 1129 3189 historiographi
1154 3101 1220 3168 fere
1243 3124 1352 3167 omnes

223 3228 443 3292 consentiunt:

269 3355 349 3421 Οὐδὲ
383 3361 441 3436 γαρ
476 3355 560 3433 μέγα
594 3381 622 3420 τι
658 3355 786 3436 ἐνόμιζεν
810 3350 879 3420 εἶναι
902 3354 982 3434 ἵππῳ
1006 3356 1043 3420 δι’
1069 3357 1181 3435 ἠπείρου
1205 3355 1350 3429 διελάσαι,

224 3481 273 3545 δια
297 3481 328 3546 δὲ
351 3488 405 3555 τῆς
429 3480 581 3555 θαλάσσης
604 3483 705 3558 τρόπον
726 3481 973 3546 σεναδαππεῦσαε
986 3483 1161 3560 ἐπεθύμησε,
1175 3481 1351 3563 γεφυρώσας

223 3608 255 3672 τὸ
279 3603 397 3684 μεταξὺ
419 3610 475 3670 τῶν
498 3631 531 3670 τε
556 3609 723 3671 Πσυτεόλων
746 3606 799 3672 καὶ
824 3612 882 3670 τῶν
906 3608 1038 3672 Βαύλων.

269 3731 362 3799 Solus
385 3733 441 3819 qui
466 3753 485 3795 o
508 3733 622 3798 oeteris
646 3733 804 3819 discrepat
828 3732 989 3820 Josephus
1005 3756 1072 3800 rem
1086 3736 1250 3800 itanarrat
1263 3736 1351 3800 velut

223 3867 307 3926 totus
338 3861 429 3923 sinus
452 3857 593 3943 Bajanus
617 3859 638 3926 i.
652 3880 679 3926 e.
704 3865 806 3923 totum
832 3861 971 3946 spatium
996 3881 1015 3923 a
1039 3860 1164 3926 Miseno
1187 3883 1218 3927 u.
1232 3882 1260 3927 e.
1284 3860 1350 3924 Pu·

221 3987 319 4052 teolos
353 3992 449 4072 ponte
482 3991 565 4049 esset
598 3991 742 4050 stratum.
782 3983 866 4048 Oum
899 4007 974 4050 vero
1006 3987 1144 4072 spatium
1170 3985 1228 4050 hoe
1252 3986 1349 4049 nimis

222 4113 352 4197 longum
378 4111 526 4176 videatur
548 4111 768 4176 auctoritatem
793 4110 931 4196 Josephi
951 4112 1114 4196 negligere
1125 4111 1244 4193 licebit,
1258 4131 1348 4196 prae·

223 4238 333 4303 sertim
378 4237 462 4325 quod
507 4238 540 4300 in
585 4236 781 4302 emendando
818 4235 970 4300 Suetonio
1006 4236 1177 4321 praecipue
1210 4235 1348 4301 Dionem

221 4363 368 4431 Cossium
392 4364 484 4450 sequi
507 4369 638 4448 oportet.
