3259 5275
518 1698 947 1784 PRAEFATIO.

640 2010 831 2020 ..υ-*-

217 2274 453 2363 Saepenumero
482 2274 574 2359 mihi,
607 2277 769 2364 scriptoris
800 2278 896 2364 paulo
927 2278 1112 2343 vetustioris
1140 2280 1173 2343 in
1198 2302 1292 2367 repu-

173 2403 255 2467 blica
277 2403 457 2467 litterarum
480 2423 572 2467 casus
592 2409 698 2468 mente
723 2403 876 2485 volventi,
901 2424 974 2468 cum
999 2403 1141 2469 viderem
1166 2405 1292 2470 cosdem

173 2536 248 2594 tunc
266 2550 285 2593 a
304 2529 403 2594 doctis
422 2530 501 2594 viris
519 2528 674 2612 laudatos,
695 2550 752 2615 pro
771 2529 1011 2615 exemplaribus
1031 2529 1157 2595 habitos
1176 2537 1208 2595 ct
1226 2552 1292 2595 om-

173 2657 262 2720 nium
298 2658 332 2720 in
366 2678 420 2722 ore
454 2657 565 2736 fuisse,
596 2663 672 2721 tunc
696 2657 866 2742 neglectos,
890 2677 909 2720 a
932 2657 1051 2722 criticis
1075 2659 1196 2743 exigua
1219 2679 1292 2722 cum

173 2781 267 2846 laude
290 2803 384 2868 saepe
407 2783 500 2867 gravi
523 2804 596 2847 cum
622 2781 868 2868 reprehensione
882 2804 951 2848 esse
963 2789 1164 2865 memoratos,
1177 2803 1295 2868 paucos

173 2908 344 2973 admodum
359 2930 417 2994 per
428 2909 595 2973 continuas
608 2915 787 2994 temporum
802 2908 1042 2974 vicissitudines
1055 2909 1204 2973 immotos
1216 2908 1294 2995 pha·

175 3056 284 3100 rorum
316 3035 416 3099 instar
439 3056 536 3120 super
559 3055 712 3100 oceanum
736 3035 918 3118 clarescere,
944 3036 1006 3099 visi
1029 3042 1104 3100 sunt
1126 3035 1295 3121 scriptores

173 3167 204 3224 et
227 3166 338 3247 poetae
360 3168 513 3248 tanquam
537 3162 635 3225 maris
659 3182 803 3227 accessus
827 3168 859 3226 et
882 3182 1023 3227 recessus
1047 3161 1210 3248 perpetuis
1222 3162 1294 3248 qui·

172 3287 307 3352 busdam
331 3287 458 3352 vicibus
481 3288 552 3373 lege
575 3293 709 3352 naturae
732 3308 801 3352 csse
825 3287 972 3372 subjecti.
986 3284 1078 3359 Quod
1091 3293 1294 3352 ccrtcrecen-

173 3413 308 3478 tioribus
320 3433 448 3499 quoquc
459 3412 494 3474 in
506 3413 608 3498 potitis
619 3417 769 3498 apparet3
783 3451 824 3459 —
839 3411 912 3498 quis
925 3432 987 3496 vg.
998 3434 1061 3477 non
1069 3412 1294 3498 obstupescens

172 3539 288 3624 legerit
310 3558 407 3625 quam
428 3538 486 3603 vili
511 3538 612 3624 pretio
637 3536 751 3602 Milton
775 3537 1021 3602 celeberrimum
1034 3559 1129 3602 suum
1141 3536 1294 3601 Paradise

173 3664 250 3729 Lost
272 3663 388 3729 editori
406 3662 609 3742 vendiderit?
629 3684 646 3727 e
666 3662 862 3727 nostratibus
881 3670 989 3727 autem
1010 3663 1083 3749 quis
1095 3661 1294 3727 nescitVon·

172 3790 293 3856 delium
329 3795 472 3854 nostrum
497 3810 554 3875 per
576 3789 653 3853 satis
675 3789 808 3874 longum
831 3795 959 3874 tempus
983 3808 1095 3874 parum
1118 3789 1153 3851 in
1176 3786 1295 3851 bonore

173 3917 282 3998 fuisse,
314 3915 412 3981 donec
435 3915 494 3980 hoc
518 3914 645 3980 tandem
669 3915 795 3980 sacculo
818 3935 837 3978 a
862 3914 942 3979 viris
965 3921 1131 3979 emunctae
1154 3913 1241 3978 naris
1264 3918 1296 3978 et

173 4042 370 4107 auctoritatis
402 4062 536 4126 magnae
567 4041 684 4105 iterum
714 4041 865 4106 laudibus
896 4047 944 4106 cst
967 4040 1172 4106 cumulatus?
1197 4079 1238 4088 —
1262 4045 1295 4104 at

173 4165 311 4231 Graecos
336 4166 533 4252 Latinosque
555 4166 723 4252 scriptores
746 4166 804 4230 ubi
828 4166 1090 4248 consideraveris,
1114 4186 1177 4251 quo
1201 4166 1294 4251 plura

174 4314 230 4379 per
252 4293 378 4357 saecula
400 4293 546 4358 fortunae
569 4301 605 4358 ut
627 4293 673 4357 ita
695 4292 799 4357 dicam
820 4294 946 4359 casibus
965 4294 1081 4379 objecti
1103 4294 1244 4378 fuerunt,
1257 4316 1295 4359 eo
