3259 5275
496 869 530 935 0.
564 870 615 935 14.
652 868 694 935 ot
726 891 806 953 qnoo
838 870 1006 949 imperator
1028 870 1249 952 consalutatus,
1273 868 1386 933 ninreo
1412 872 1455 933 in

545 994 733 1075 Capitolium
767 996 842 1075 loto,
877 996 1001 1061 Jonnrn
1032 998 1191 1080 peninum
1225 996 1347 1079 clausit,
1379 1002 1455 1058 tom

540 1122 627 1186 nnllo
650 1143 744 1203 qnam
767 1122 892 1187 residuo
916 1122 1000 1187 bello.

360 1368 408 1433 aa
431 1369 529 1434 verba
552 1370 597 1432 ita
621 1369 848 1455 interpretatus
871 1375 918 1433 est
943 1366 1161 1434 Oasanbonus.
1187 1367 1349 1432 Punctum
1372 1372 1453 1452 post

323 1496 426 1577 „lata”
454 1497 560 1582 posuit
579 1503 611 1561 et
631 1517 714 1582 quae
725 1496 941 1582 sequebantur
954 1495 1147 1581 explicavit:
1161 1494 1234 1581 plus
1246 1494 1345 1558 semel
1357 1493 1454 1558 Nero

317 1619 438 1684 Janum
474 1622 640 1706 geminum
676 1621 800 1703 clausit,
837 1621 868 1685 et
902 1642 975 1685 cum
1000 1621 1127 1685 nullum
1151 1620 1273 1685 bellum
1298 1625 1389 1700 esset,
1417 1618 1455 1683 et

318 1769 391 1811 cum
427 1746 591 1811 residuum
626 1746 758 1834 aliquod
791 1754 875 1812 esset
897 1747 1028 1814 bellum.
1053 1746 1191 1833 Lugenti
1211 1753 1320 1811 autem
1342 1752 1454 1811 totum

319 1879 415 1959 caput
438 1873 571 1937 tertium
595 1872 766 1955 decimum,
791 1872 963 1959 praecipue
982 1894 1065 1959 quae
1085 1874 1233 1959 proxime
1245 1871 1452 1955 antecedunt,

318 1999 524 2063 manifestum
566 1999 628 2063 erit
662 1998 745 2062 nihil
780 1997 870 2062 aliud
905 1998 1044 2084 intelligi
1080 2018 1176 2085 quam
1208 1997 1370 2064 Neronem
1406 1999 1452 2063 ob

320 2124 475 2189 Tiridatis
498 2125 533 2212 in
559 2125 671 2189 urbem
692 2124 865 2189 adventum
884 2126 1051 2210 geminum
1072 2124 1210 2189 Martem
1223 2124 1395 2190 clausisse.
1415 2161 1450 2189 .·.

320 2250 437 2315 velntsi
462 2250 589 2315 nullum
612 2250 733 2315 bellum
758 2256 842 2316 esset
866 2250 1043 2315 residuum.

364 2376 453 2443 Inter
476 2378 580 2443 varias
604 2398 686 2463 quae
711 2398 730 2440 e
754 2378 833 2443 viris
857 2376 957 2442 doctis
980 2377 1218 2443 commendatae
1240 2384 1316 2442 sunt
1339 2397 1451 2443 emen·

320 2502 462 2568 dationes
486 2504 629 2567 maxime
654 2502 733 2566 mihi
758 2503 921 2589 probatur,
947 2523 1043 2589 quam
1065 2503 1198 2589 Lipsius
1218 2503 1327 2587 simul,
1348 2504 1451 2568 Faer-

319 2653 379 2694 nus
403 2651 439 2694 ao
464 2628 652 2694 Torrentius
675 2628 739 2694 sibi
765 2628 940 2713 vindicant,
968 2630 1155 2716 „geminum
1175 2630 1312 2707 Martem
1333 2630 1453 2696 clausit

320 2763 484 2842 tamquam
509 2755 597 2821 nullo
619 2755 745 2820 residuo
769 2756 862 2823 bello.
888 2756 1108 2843 Transpoeitio
1131 2757 1339 2844 syllabarum,
1363 2777 1452 2843 quae

321 2883 449 2969 saepius
471 2882 557 2969 apud
581 2880 771 2947 Suetonium
795 2883 994 2969 corruptelae
1016 2904 1112 2948 causa
1135 2883 1272 2966 exstitit,
1296 2883 1350 2948 hic
1368 2904 1451 2969 quo·

321 3030 385 3095 que
409 3028 547 3074 errorem
572 3008 706 3095 peperit.

504 3397 536 3458 C.
570 3396 620 3461 14.
655 3395 843 3459 Cortsnlatns
874 3400 1009 3480 qnotnor
1038 3396 1152 3477 pessit:
1170 3394 1308 3474 mannae
1333 3394 1450 3458 timon·

544 3528 647 3604 stnem,
679 3522 851 3585 secundnm
881 3526 910 3585 et
940 3521 1140 3585 novissimum
1171 3527 1363 3602 semenstres,
1387 3525 1451 3584 tor-

548 3648 626 3710 tian
659 3648 961 3732 quadrinenstrem3
994 3648 1109 3711 medios
1138 3647 1216 3710 dnos
1246 3648 1450 3732 continuavit,

545 3775 681 3855 reliquos
703 3777 787 3839 inter
810 3796 923 3838 annno
947 3774 1052 3854 spatio
1075 3773 1215 3836 corioni.

369 4023 454 4098 Quid
479 4024 638 4110 significet
664 4025 823 4111 „reliquos
843 4026 928 4089 inter
946 4044 1053 4088 annua
1072 4024 1176 4109 spatia
1196 4022 1354 4086 variavit''
1367 4009 1462 4086 mihi'

324 4170 387 4213 non
411 4149 523 4235 liquet.
549 4148 630 4223 Quis
653 4159 760 4215 tamen
785 4171 897 4214 sensus
921 4150 1104 4236 requiratur
1126 4171 1169 4213 ex
1193 4149 1282 4212 fastis
1306 4149 1451 4212 consula-

325 4275 415 4340 ribus
450 4282 481 4339 et
516 4276 629 4340 ceteris
664 4275 806 4338 fontibus
844 4275 995 4340 historiae
1017 4273 1204 4340 ostenditur.
1231 4272 1317 4338 Nero
1340 4277 1452 4339 consul
