3259 5275
727 591 770 652 45

185 798 278 863 illum
315 821 486 865 numerum
521 822 690 887 operarum
721 800 872 867 adfuisse.
906 800 993 874 Quid
1016 821 1093 865 voee
1119 800 1311 880 „nontinuo”

184 924 322 990 addatur
344 947 407 990 non
431 927 533 995 video.

230 1049 269 1114 In
303 1051 440 1117 eundem
475 1074 615 1119 errorem
651 1052 801 1118 incidisse
837 1052 919 1116 mihi
952 1052 1081 1119 videtur
1104 1052 1310 1117 Burmannus

184 1197 259 1240 oum
294 1185 500 1264 proponeret:
537 1185 607 1265 post
641 1178 789 1244 undecim
823 1200 922 1243 annos
953 1180 1129 1261 continuos,
1161 1181 1310 1265 quamvis

184 1299 285 1364 XXX
309 1301 477 1368 hominum
501 1303 633 1368 milibus
656 1311 714 1370 eto.
739 1304 775 1368 Si
798 1304 885 1369 eninr
905 1305 974 1368 sine
996 1306 1232 1370 intermissione
1253 1327 1310 1391 per

183 1425 334 1490 undecim
370 1448 467 1492 annos
502 1431 623 1515 operati
655 1436 739 1511 sunt,
764 1451 826 1493 non
858 1436 961 1516 potest
983 1429 1127 1495 dubitari
1150 1430 1229 1516 quin
1253 1431 1309 1496 ille

183 1552 274 1617 labor
304 1575 362 1640 per
390 1575 489 1619 annos
519 1556 684 1620 eontinuos
715 1555 819 1620 faetus
841 1556 893 1619 sit.
919 1553 1028 1621 Solum
1054 1556 1138 1642 qnod
1161 1555 1309 1621 adhiberi

182 1681 285 1765 possit
316 1681 493 1746 remedium
526 1688 575 1746 est
604 1688 640 1746 ut
672 1675 805 1747 verbum
836 1682 1047 1764 „continuis”,
1071 1681 1155 1767 quod
1179 1682 1309 1746 omnino

182 1805 324 1871 abundet
359 1814 390 1871 et
424 1828 582 1894 nusquam
620 1830 748 1873 sensum
786 1808 936 1874 idoneum
973 1809 1131 1895 praebeat,
1167 1810 1305 1873 tollatur.

183 1930 288 2006 Quam
314 1933 407 2035 iaoile
430 1934 588 2021 glossema
611 1936 644 1999 in
662 1919 794 2001 ‘textum
821 1936 961 2021 potuerit
984 1936 1123 2021 irrepere
1147 1957 1240 2000 nemo
1260 1943 1308 2001 est

181 2060 241 2144 qui
265 2080 327 2124 non
351 2060 468 2153 videat.

365 2273 398 2340 O.
424 2275 477 2341 21.
501 2277 658 2340 Immimtis
679 2278 836 2341 interdum
853 2277 982 2360 friyidis
1000 2283 1030 2340 et
1047 2278 1206 2341 arcessitis
1210 2278 1306 2359 joots;

405 2402 507 2486 quatis
530 2408 574 2467 est
597 2408 633 2465 ut
655 2424 813 2470 samm
930 2441 932 2444 ·

228 2573 278 2639 Ita
312 2575 467 2662 seriptum
498 2582 546 2644 est
577 2578 610 2642 in
641 2577 803 2665 plerisque
834 2576 1008 2644 oodioibus.
1033 2578 1073 2643 In
1097 2577 1307 2647 Perizoniano

179 2705 299 2781 tamen,
325 2699 530 2767 Harlemensi
555 2709 587 2768 et
610 2701 760 2769 cortiano
783 2703 873 2769 deest
897 2704 985 2786 „ut'’,
1006 2725 1070 2791 qua
1090 2706 1203 2769 voeula
1216 2707 1306 2792 equi·

179 2825 254 2890 dem
284 2827 422 2892 libenter
452 2849 587 2896 eaream.
620 2829 673 2892 Ad
699 2829 886 2916 exemplum
908 2828 1107 2895 afferendum
1131 2828 1304 2895 Suetonius

178 2952 320 3018 seribere
343 2955 464 3040 potuit:
489 2961 526 3019 ut
549 2977 621 3020 eum
646 2962 715 3037 ete,
740 2955 808 3020 vel:
833 2955 938 3042 qualis
961 2962 1009 3021 est
1031 2961 1176 3021 corneto.
1192 2954 1302 3019 Unum

179 3079 234 3143 vel
255 3079 392 3144 alterurn
416 3080 543 3163 suffieit,
566 3082 661 3147 ambo
684 3088 806 3147 nocent.
828 3080 953 3167 ltaque,
974 3100 1014 3146 ne
1033 3081 1083 3145 bis
1096 3081 1301 3167 inepteidem

178 3203 314 3290 dioatur,
338 3206 511 3292 legendum
535 3229 664 3274 censeo:
689 3208 793 3293 qualis
817 3213 865 3272 est
888 3229 960 3272 eum
974 3258 981 3273 .
997 3258 1003 3273 .
1018 3258 1047 3274 ..

226 3332 277 3396 Ad
313 3333 450 3399 alterum
486 3334 673 3420 exemplum
707 3332 901 3397 narrandum
937 3333 1058 3419 pergit:
1091 3330 1178 3396 Illud
1209 3332 1302 3419 plane

178 3461 387 3544 quantumvis
411 3459 583 3525 salubriter
605 3468 636 3524 et
660 3460 875 3545 intempore:
900 3480 973 3522 eum
997 3465 1046 3522 ete
1049 3509 1146 3525 .....

224 3584 324 3650 Plura
359 3585 393 3649 in
425 3584 477 3650 his
508 3585 614 3650 verbis
638 3583 689 3650 me
713 3585 879 3650 offendunt
902 3584 1047 3670 mihique
1070 3584 1302 3650 dubitationem

177 3711 338 3797 injioiunt.

224 3834 400 3922 Imprimis,
425 3857 497 3899 oum
523 3842 740 3922 exspectarem
766 3835 902 3900 alterum
919 3835 1028 3918 jooum
1049 3819 1214 3917 frigidum,
1228 3835 1301 3898 sub·

71 3969 73 3974 '
173 3965 287 4048 juneto
321 3962 434 4048 „plane
458 3962 687 4048 quantumvis*
706 3963 799 4046 joous
822 3960 875 4024 hie
899 3965 1007 4024 eontra
1029 3959 1131 4022 salsus
1155 3965 1186 4022 et
1208 3966 1302 4044 aptus

177 4087 243 4166 diei
267 4087 403 4154 videtur.

222 4213 349 4279 Deinde
380 4236 444 4278 vox
478 4213 611 4300 „plane”
644 4212 775 4276 molesta
806 4217 871 4295 est;
903 4209 986 4273 nihil
1009 4210 1093 4273 enim
1119 4207 1302 4292 significare

177 4346 283 4428 potest
306 4340 369 4402 nisi
396 4341 555 4425 „aperte'’.
