3259 5275
837 544 879 606 12

290 762 397 820 autem
433 755 547 819 idonea
570 774 666 840 quam
691 754 788 818 ferret
811 759 844 817 et
865 759 983 839 ageret.
1009 750 1082 818 Solo
1105 759 1213 817 tamen
1236 752 1295 816 hoc
1318 773 1414 837 argu-

291 889 397 946 mento
430 881 531 945 fretus
555 880 638 943 nihil
663 890 785 944 mutare
808 880 924 943 ausim.
949 877 1077 943 Etenim
1101 877 1261 942 mediocre
1284 878 1418 941 fortasse

290 1007 448 1071 tributum
473 1008 645 1092 imperavit
669 1012 705 1070 ut
728 1006 921 1071 exhaustam
946 1005 1030 1070 bello
1053 1004 1250 1091 provinciam
1264 1010 1295 1068 et
1307 1025 1417 1069 recens

290 1132 465 1218 subjectam
502 1132 671 1196 clementia
705 1140 736 1196 et
772 1130 1017 1196 mansuetudine
1052 1130 1169 1216 populo
1194 1129 1339 1194 Romano
1362 1130 1417 1195 de·

292 1257 437 1321 vinciret.

335 1380 449 1467 Neque
484 1382 706 1446 auctoritatem
741 1382 859 1445 codicis
891 1379 1040 1444 Vaticani
1072 1380 1303 1466 neglegendam
1327 1387 1416 1467 puto.

292 1507 400 1582 Quare
434 1509 479 1571 ita
513 1528 625 1571 censeo
660 1483 848 1592 legendum:
874 1507 969 1591 eique
993 1506 1178 1570 sestertium
1202 1507 1417 1592 quadringen-

291 1633 351 1696 ties
376 1634 409 1695 iu
433 1633 576 1717 singulos
599 1652 698 1695 annos
721 1630 874 1717 stipendii
897 1631 1026 1696 nomine
1049 1631 1231 1716 imperavit.

476 1905 503 1969 0
533 1904 587 1966 45.
621 1903 729 1967 Ellam
763 1902 848 1965 cultu
881 1904 1044 1967 notabilem
1067 1903 1194 1984 ferunt:
1219 1924 1311 1967 uarsm
1335 1906 1419 1969 caim

516 2030 578 2093 loto
611 2029 696 2092 eloco
729 2030 773 2093 ael
806 2050 919 2092 monas
949 2030 1115 2111 fimbriato,
1139 2050 1194 2093 aee
1216 2036 1253 2093 at
1275 2050 1419 2113 uuquam

518 2154 610 2218 eliber
652 2176 746 2239 quem
779 2175 874 2233 super
908 2174 976 2217 eum
1010 2157 1195 2239 angebar,
1231 2163 1259 2218 et
1294 2155 1419 2242 quidem

513 2280 647 2359 fluxiore
670 2281 820 2345 eiectare.

340 2513 426 2587 Quid
461 2516 494 2577 in
520 2515 579 2578 hac
602 2514 814 2601 descriptione
839 2517 936 2580 verba
962 2538 1077 2602 „super
1100 2518 1196 2581 eum”
1220 2518 1284 2582 sibi
1308 2521 1419 2602 velint,

297 2641 358 2706 etsi
394 2642 490 2704 multi
514 2642 773 2726 interpretatores
798 2642 902 2706 varias
925 2642 1157 2728 explicationes
1179 2644 1334 2728 dederint,
1358 2667 1420 2712 non

297 2765 452 2850 intelligo.
477 2765 616 2828 Romani
640 2787 736 2851 super
759 2767 900 2829 tunicam
924 2767 1078 2852 gerebant
1100 2775 1216 2854 togam,
1238 2773 1330 2856 cujus
1349 2792 1420 2857 par-

293 2897 359 2955 tem
393 2891 522 2976 cingulo
559 2892 610 2956 vel
644 2891 749 2956 balteo
783 2890 931 2976 quodam,
966 2898 1105 2956 ceteram
1136 2894 1258 2979 part'em
1291 2897 1420 2962 brachio

294 3019 423 3081 sinistro
446 3017 655 3081 sustinebant.
681 3014 798 3081 Caesar
820 3024 926 3082 antem
948 3018 1304 3105 eircacorporiscuram
1317 3044 1419 3086 moro·

294 3144 359 3206 sior
392 3142 501 3206 tunica
536 3141 686 3206 utebatur
719 3141 882 3205 laticlavia
916 3151 948 3207 et
982 3145 1172 3229 cingebatur
1206 3147 1251 3209 ita
1275 3154 1311 3210 ut
1334 3147 1419 3233 quod

295 3258 478 3332 Macrobius
511 3266 609 3330 tradit
632 3267 748 3330 lacinia
766 3267 955 3332 traheretur.
981 3271 1028 3333 At
1051 3271 1149 3334 velim
1173 3272 1316 3358 explices
1340 3274 1419 3360 quid

296 3393 479 3479 significent
502 3393 600 3458 verba
628 3414 743 3479 „super
767 3396 874 3458 eum.'’

340 3519 485 3606 Superne
508 3520 651 3584 tunicam
675 3519 895 3583 laticlaviam?
919 3521 1065 3606 Apparet
1087 3521 1341 3588 additamentum
1360 3525 1420 3590 hoc

295 3648 424 3712 omnino
453 3646 633 3728 abundare3
665 3646 722 3731 qui
746 3645 833 3709 enim
856 3645 997 3729 cingitur
1020 3667 1117 3731 super
1139 3649 1281 3712 tunicam
1306 3651 1418 3735 cingu-

295 3775 365 3838 lum
388 3774 530 3859 apponit.
556 3773 610 3834 An
634 3771 855 3858 superlatum
879 3771 1017 3853 clavum,
1041 3778 1077 3835 ut
1100 3774 1184 3837 latus
1204 3775 1314 3839 clavus
1334 3783 1419 3840 totus

296 3900 349 3964 vel
382 3921 424 3963 ex
460 3899 579 3983 majore
613 3905 702 3982 parte
733 3897 877 3961 cinctura
898 3897 1083 3981 tegeretur?
1106 3897 1153 3961 At
1175 3897 1229 3962 hic
1251 3921 1362 3964 sensus
1385 3902 1419 3963 in

297 4025 404 4092 verbis
441 4044 556 4110 „super
590 4023 685 4088 eum”
721 4042 783 4086 non
819 4021 947 4087 videtur
980 4023 1093 4087 inesse.
1126 4022 1303 4110 Exspectas
1334 4048 1363 4090 v.
1386 4047 1419 4111 g.

298 4150 466 4215 Caesarem
502 4151 598 4213 altius
622 4168 719 4234 quam
742 4148 822 4212 alios
845 4149 984 4212 cinctum
1009 4148 1119 4213 fuisse.
1142 4149 1290 4214 Fortasse
1313 4157 1419 4216 tamen

299 4297 427 4341 sensum
451 4276 592 4361 aliquem
616 4295 677 4338 non
702 4275 748 4337 ita
770 4272 946 4338 absurdum
970 4282 1172 4359 extorqueas,
1196 4276 1224 4339 si
1248 4278 1420 4362 premendo
