3259 5275
475 927 508 992 0.
544 926 603 991 32.
632 927 797 992 Revocavit
826 930 856 990 et
877 926 1020 1005 proemio
1043 944 1238 1007 coronarum,
1263 944 1342 1007 quoe
1363 943 1423 986 aa·

516 1074 612 1137 picum
634 1053 691 1116 sibi
713 1053 852 1116 ciuitates
874 1054 909 1114 io
932 1052 1153 1115 certaminibus
1174 1050 1363 1114 detulissent.

339 1274 604 1362 Interpretatores
648 1276 746 1340 verba
790 1273 847 1338 illa
889 1273 935 1339 sic
973 1274 1136 1360 explicare
1171 1274 1288 1339 solent:
1325 1270 1440 1356 Nero,‘

293 1422 367 1465 cum
392 1408 484 1465 autea
507 1401 666 1485 benignus
691 1420 822 1464 coronas
844 1401 885 1464 ob
910 1400 1060 1465 victorias
1084 1405 1257 1486 reportatas
1281 1421 1424 1465 recusas-

294 1531 351 1607 set,
386 1547 471 1590 nunc
507 1526 650 1612 praemia
685 1527 793 1589 omnia
826 1524 1015 1612 aqualibet
1037 1526 1168 1592 civitate
1192 1545 1334 1612 uuquam
1359 1526 1424 1590 sibi

294 1652 419 1719 decreta
442 1655 563 1739 exegit.
588 1652 677 1717 Huic
701 1659 809 1718 autem
834 1652 1044 1740 explicationi
1068 1653 1161 1738 plura
1184 1653 1318 1716 obstant.

339 1776 450 1844 Primo
484 1779 679 1864 significatio
713 1779 805 1844 vorbi
841 1778 1021 1862 revocandi,
1057 1799 1140 1865 quae
1174 1798 1237 1841 non
1272 1785 1320 1842 est
1353 1780 1425 1842 exi-

295 1927 370 1992 gere
405 1925 488 1992 quae
522 1912 596 1969 ante
630 1906 780 1991 sprevisti
816 1905 871 1970 sed
907 1926 1070 1991 reposcere
1092 1924 1176 1991 quae
1199 1911 1273 1968 ante
1297 1903 1424 1969 dedisti.

295 2029 361 2095 Ofr.
394 2054 424 2095 v.
437 2052 469 2116 g.
498 2051 522 2093 c.
548 2032 590 2093 44
619 2037 675 2111 ,ut
698 2030 846 2117 plerique
869 2052 996 2095 omnem
1021 2031 1222 2095 collationem
1247 2034 1351 2119 palam
1376 2054 1425 2096 re-

295 2162 451 2239 cusarent,
475 2177 629 2221 consensu
654 2157 846 2241 flagitantes,
869 2177 889 2219 a
913 2156 1108 2221 delatoribus
1128 2160 1236 2243 potius
1249 2159 1425 2223 revocanda

296 2284 438 2369 praemia
463 2303 675 2369 quaecunque
699 2284 890 2368 cepissent.''
912 2281 1058 2349 Secundo
1070 2284 1182 2349 modus
1194 2284 1310 2370 agendi
1324 2285 1425 2350 Nero·

295 2408 356 2491 nis,
380 2409 438 2495 qui
462 2428 560 2494 supra
583 2415 631 2473 est
654 2408 843 2495 descriptus,
868 2430 894 2473 c.
919 2409 977 2472 220
1003 2410 1193 2492 ,Achaiam
1213 2417 1251 2474 ut
1270 2410 1425 2493 diximus,

296 2535 387 2621 petit,
411 2533 486 2599 hino
512 2536 656 2600 maxime
681 2541 804 2599 motus:
829 2536 1035 2600 instituerant
1058 2537 1215 2620 civitates,
1239 2536 1326 2624 apud
1346 2559 1426 2623 quas

297 2661 412 2725 musici
447 2681 564 2744 agones
600 2660 652 2725 edi
684 2662 795 2742 solent,
820 2682 929 2727 omnes
953 2661 1209 2727 citharoedorum
1233 2684 1363 2729 coronas
1385 2663 1425 2727 ad

297 2787 406 2872 ipsum
431 2787 568 2852 mittere.
595 2785 658 2850 Eas
681 2786 759 2850 adeo
784 2793 874 2872 grate
894 2788 1082 2874 accipiebat,
1095 2796 1131 2852 ut
1143 2789 1274 2874 legatos,
1286 2791 1343 2876 qui
1356 2811 1425 2876 per-

297 2913 457 2994 tulissent,
494 2933 556 2975 non
594 2911 686 2977 modo
718 2912 839 2998 primos
869 2913 1062 2996 admitteret,
1087 2914 1141 2979 sed
1166 2916 1262 2979 etiam
1288 2916 1427 2980 familia-

298 3038 388 3103 ribus
421 3037 526 3123 epulis
562 3037 779 3124 interponeret
812 3040 893 3106 eto.”
919 3038 984 3104 cfr.
1009 3041 1107 3104 etiam
1131 3063 1156 3105 c.
1182 3043 1224 3104 24
1252 3063 1427 3123 ,excussus

299 3186 395 3229 curru
418 3185 455 3229 ac
479 3185 591 3228 rursus
615 3166 774 3250 repositus
799 3187 873 3230 oum
897 3166 1071 3252 perdurare
1094 3188 1155 3232 non
1175 3175 1291 3254 posset,
1304 3169 1429 3235 destitit

298 3303 372 3355 ante
403 3289 593 3373 decursum3
624 3312 729 3377 neque
753 3313 789 3356 eo
813 3292 914 3356 setius
939 3298 1105 3357 coronatus
1128 3300 1177 3364 est
1199 3293 1280 3360 eto.”
1305 3293 1372 3359 cfr.
1396 3295 1429 3359 et

298 3417 363 3480 alia
397 3418 503 3504 capita
538 3417 570 3480 et
605 3416 771 3504 Xiphilini
808 3417 845 3481 L.
870 3419 911 3480 63
946 3440 972 3484 o.
1009 3419 1059 3481 21.
1096 3418 1169 3482 Non
1204 3419 1306 3504 igitur
1341 3419 1429 3484 Nero

300 3563 430 3607 coronas
463 3548 666 3607 recusaverat
699 3541 752 3606 sed
777 3563 875 3627 quam
900 3542 1055 3629 plurimas
1079 3543 1242 3628 usquead
1266 3546 1355 3609 mille
1378 3567 1429 3610 oo·

300 3669 461 3754 tingentes
487 3675 519 3732 et
543 3673 612 3732 octo
635 3677 799 3754 acceperat
824 3669 930 3755 iisque
954 3669 1086 3754 gloriari
1109 3669 1239 3734 solebat.

347 3793 422 3858 Jam
449 3795 482 3857 in
508 3792 614 3858 codice
638 3792 813 3858 Ursiniauo
837 3815 933 3880 quem
958 3794 1070 3858 dicunt
1081 3795 1241 3880 reperitur
1251 3816 1334 3881 quae
1347 3796 1430 3860 mihi

302 3941 379 3985 vera
403 3920 496 3984 lectio
521 3919 650 3984 videtur
674 3941 759 3984 esse:
783 3917 945 3985 revocavit
958 3926 989 3985 et
1001 3921 1144 4006 praemia
1155 3920 1333 4003 civitatum,
1346 3942 1431 4006 quae

302 4066 444 4131 uuquam
476 4046 540 4110 sibi
572 4067 701 4111 coronas
730 4046 764 4108 in
788 4046 1018 4112 certaminibus
1041 4045 1240 4110 detulissent.
1263 4046 1432 4128 Quomodo

302 4172 388 4237 Nero
417 4171 545 4258 judices
577 4171 641 4235 sibi
673 4171 818 4236 faventes
850 4171 1049 4236 remunerari
1076 4171 1118 4234 sit
1149 4171 1261 4235 solitus
1283 4177 1460 4236 narratur

303 4321 333 4363 v.
346 4321 377 4384 g.
413 4321 439 4364 c.
476 4300 536 4370 24:
578 4297 762 4385 „Decedens
797 4297 913 4364 deinde
945 4336 986 4345 —
1017 4296 1145 4383 Achaja
1168 4335 1208 4344 —-
1234 4298 1433 4384 provinciam
