3259 5275
747 592 785 655 l'l

198 808 369 873 adnotant:
405 804 553 892 „Species
583 811 614 870 et
637 825 751 890 eorpus
775 802 839 867 sibi
864 807 1078 889 opponuntur.
1103 798 1232 886 Species
1256 819 1328 864 een-

200 936 307 999 stabat
342 933 485 998 externis
521 932 696 1016 majestatis
728 929 922 1014 insignibus,
946 929 1052 993 titulis
1078 936 1110 994 et
1134 928 1329 992 ornamentis

199 1060 461 1145 magistratuum.
485 1055 609 1143 Corpus
634 1056 832 1141 reipublicae
855 1061 888 1120 et
912 1056 961 1119 vis
974 1055 1105 1141 imperii
1117 1075 1214 1141 penes
1228 1074 1329 1117 unum

200 1187 373 1252 Gaesarem
408 1185 507 1250 erat.''
542 1182 639 1247 Dixit
672 1203 748 1268 erge
783 1178 917 1246 Caesar:
954 1179 1150 1267 Respublica
1183 1179 1330 1245 Romana

200 1321 252 1380 est
275 1313 449 1399 appellatio
471 1317 597 1374 tantum
620 1309 690 1373 sine
714 1329 844 1394 corpere
867 1327 904 1371 ac
927 1307 1044 1393 speeie,
1069 1307 1090 1369 i.
1104 1328 1132 1371 e.
1156 1307 1279 1371 sinere
1300 1311 1332 1371 et

199 1440 273 1503 sine
296 1444 430 1503 externe
453 1442 620 1523 apparatu.
746 1418 750 1427 ⁴

249 1564 342 1639 Quod
365 1565 393 1628 si
417 1583 528 1628 revera
550 1562 689 1625 dixisset
700 1560 841 1647 profecte
854 1558 1056 1625 mendacium
1072 1559 1169 1622 nimis
1182 1565 1329 1645 apertum

200 1692 343 1756 lusisset.
376 1689 487 1763 Quid?
519 1687 607 1753 Num
632 1695 775 1773 tempore
799 1684 946 1752 Caesaris
970 1686 1054 1751 nihil
1076 1708 1119 1751 ex
1143 1693 1227 1751 statu
1251 1687 1331 1751 libe-

201 1838 259 1881 rae
295 1815 492 1901 reipublicae
521 1814 710 1900 supererat?
733 1812 838 1877 Immo
861 1819 995 1878 externa
1018 1814 1139 1898 figura:
1164 1815 1330 1899 magistra·

201 1949 269 2021 tus,
292 1947 431 2021 senatus,
455 1939 586 2005 comitia
611 1947 800 2021 manserant,
824 1960 898 2003 cum
923 1960 971 2004 res
995 1940 1065 2024 ipsa
1088 1939 1223 2004 abesset.

250 2065 313 2131 Vel
343 2066 612 2153 interpretantur:
637 2065 819 2150 respublica
841 2065 1018 2149 generatim
1044 2067 1064 2129 i.
1078 2087 1104 2131 e.
1130 2073 1231 2130 status
1251 2068 1330 2131 libe·

130 2254 139 2269 ,
203 2213 260 2257 rae
284 2191 481 2277 reipublicae
506 2197 553 2255 est
575 2198 699 2254 tantum
725 2211 851 2270 nomen,
876 2211 938 2254 nen
963 2213 1023 2272 res,
1047 2198 1079 2255 et
1101 2199 1331 2257 caretexterna

204 2319 320 2404 figura.
354 2319 400 2380 At
423 2318 450 2381 si
473 2324 574 2380 status
599 2317 719 2381 liberae
742 2316 939 2403 reipublicae
963 2337 1021 2381 nec
1044 2339 1177 2403 usquam
1203 2320 1332 2384 exsistit

205 2466 311 2529 neque
334 2446 405 2528 ejus
428 2444 545 2529 image,
571 2441 648 2528 quid
673 2439 790 2517 Caesar
813 2441 853 2505 de
877 2464 913 2506 ee
936 2443 1143 2528 loqueretur?

251 2568 291 2632 ln
328 2569 434 2633 verbis
472 2576 522 2650 „et
556 2567 681 2654 specie''
717 2567 814 2631 lateat
849 2588 977 2632 neeesse
1008 2576 1056 2632 est
1077 2569 1202 2656 aliquid
1225 2572 1331 2638 simile

205 2699 247 2777 τῷ
274 2698 362 2778 „sinc
383 2696 545 2782 corpere.”
571 2693 679 2760 Verbo
706 2696 852 2782 „specie”
876 2703 985 2760 autem
1003 2697 1128 2781 aliquid
1148 2700 1330 2784 oppositum

206 2823 380 2889 inducitur.
405 2821 444 2885 ld
468 2828 576 2887 autem
599 2821 684 2907 quod
708 2823 884 2908 requiritur
906 2844 949 2887 ex
971 2824 1076 2888 verbis
1096 2824 1223 2890 traditis
1243 2826 1330 2890 facil-

207 2950 285 3014 lime
321 2949 471 3014 restituas
501 2949 529 3012 si
560 2949 647 3034 leges
670 2970 731 3013 nen
760 2950 905 3035 „specie”
930 2950 986 3014 sed
1012 2948 1202 3037 „speeiem”
1226 2953 1331 3016 Facil-

207 3078 285 3142 lime
320 3075 473 3140 mendum
507 3075 590 3139 illud
625 3076 658 3138 in
688 3082 814 3141 textum
840 3077 980 3161 irrepere
1003 3079 1145 3163 petuisse
1168 3099 1205 3143 eo
1229 3046 1332 3164 magis

209 3202 423 3287 intelligimus
453 3200 537 3287 quod
566 3202 599 3263 in
622 3201 689 3265 ced.
714 3199 853 3265 Vindeb.
880 3209 912 3267 et
934 3203 967 3266 in
992 3200 1076 3267 Oert.
1102 3203 1255 3269 habetur:
1283 3213 1333 3286 „et

210 3331 297 3415 spe.”
341 3328 394 3393 Ex
436 3349 500 3414 qua
543 3350 698 3393 mssorum
744 3329 879 3393 lectione
914 3351 1011 3415 prave
1046 3331 1207 3396 intellecta
1240 3332 1333 3396 facile

213 3455 358 3542 „specie”
383 3475 439 3539 pre
467 3455 646 3541 „speciem”
670 3454 748 3517 eriri
772 3455 887 3539 potuit.

298 3697 299 3700 Ἴ
389 3727 431 3792 D.
466 3729 642 3810 Aupastas.
681 3726 708 3792 0
740 3731 770 3790 2.
806 3727 858 3790 Ea
879 3748 957 3810 pens
980 3751 1001 3791 a
1023 3729 1201 3814 Tarquinio
1225 3731 1334 3794 Prisce

432 3876 501 3936 repe
540 3855 625 3916 ieter
658 3854 790 3918 minares
822 3856 923 3935 pectis
956 3855 1077 3918 adlecta
1110 3858 1144 3920 ia
1179 3863 1333 3937 secatam,

433 4004 504 4046 moa
524 4005 548 4046 a
567 3981 673 4046 Seruio
696 3981 799 4045 Tullio
823 3983 858 4044 ia
875 3983 1031 4065 patriciae
1052 3983 1207 4045 traducta.

254 4218 305 4283 Ita
339 4227 508 4284 exaratum
543 4225 591 4284 est
625 4219 658 4280 in
694 4216 800 4281 codiee
836 4214 1012 4304 Oopesiane
1047 4227 1079 4283 et
1112 4217 1252 4284 Vindcb.
1290 4224 1333 4284 10.

215 4344 341 4419 Quibus
378 4348 483 4412 verbis
519 4347 567 4410 bis
603 4346 690 4410 idem
713 4345 875 4410 enuntiari
894 4349 963 4433 jam
986 4345 1043 4410 diu
1067 4345 1184 4411 abhinc
1206 4348 1335 4414 adnota-

1219 4460 1236 4510 2
